%YAML 1.1
%TAG !u! tag:unity3d.com,2011:
--- !u!1 &6326827914067767402
GameObject:
  m_ObjectHideFlags: 0
  m_CorrespondingSourceObject: {fileID: 0}
  m_PrefabInstance: {fileID: 0}
  m_PrefabAsset: {fileID: 0}
  serializedVersion: 6
  m_Component:
  - component: {fileID: 6326827914067767403}
  m_Layer: 0
  m_Name: Platforms
  m_TagString: Untagged
  m_Icon: {fileID: 0}
  m_NavMeshLayer: 0
  m_StaticEditorFlags: 0
  m_IsActive: 1
--- !u!4 &6326827914067767403
Transform:
  m_ObjectHideFlags: 0
  m_CorrespondingSourceObject: {fileID: 0}
  m_PrefabInstance: {fileID: 0}
  m_PrefabAsset: {fileID: 0}
  m_GameObject: {fileID: 6326827914067767402}
  m_LocalRotation: {x: 0, y: 0, z: 0, w: 1}
  m_LocalPosition: {x: 0, y: 0, z: 0}
  m_LocalScale: {x: 1, y: 1, z: 1}
  m_Children:
  - {fileID: 7244779911682725621}
  - {fileID: 56841456743147844}
  - {fileID: 7244779910399279349}
  - {fileID: 7244779911583305090}
  - {fileID: 7244779910998096791}
  - {fileID: 56841455773951055}
  - {fileID: 4973477052838269482}
  - {fileID: 5609517514497239357}
  - {fileID: 5609517514401683478}
  - {fileID: 2742464356784681090}
  m_Father: {fileID: 6326827915432853135}
  m_RootOrder: 0
  m_LocalEulerAnglesHint: {x: 0, y: 0, z: 0}
--- !u!1 &6326827914815624987
GameObject:
  m_ObjectHideFlags: 0
  m_CorrespondingSourceObject: {fileID: 0}
  m_PrefabInstance: {fileID: 0}
  m_PrefabAsset: {fileID: 0}
  serializedVersion: 6
  m_Component:
  - component: {fileID: 6326827914815625444}
  m_Layer: 0
  m_Name: Strings
  m_TagString: Untagged
  m_Icon: {fileID: 0}
  m_NavMeshLayer: 0
  m_StaticEditorFlags: 0
  m_IsActive: 1
--- !u!4 &6326827914815625444
Transform:
  m_ObjectHideFlags: 0
  m_CorrespondingSourceObject: {fileID: 0}
  m_PrefabInstance: {fileID: 0}
  m_PrefabAsset: {fileID: 0}
  m_GameObject: {fileID: 6326827914815624987}
  m_LocalRotation: {x: 0, y: 0, z: 0, w: 1}
  m_LocalPosition: {x: 0, y: 0, z: 0}
  m_LocalScale: {x: 1, y: 1, z: 1}
  m_Children:
  - {fileID: 8018978161986614530}
  - {fileID: 8018978161421974108}
  m_Father: {fileID: 6326827915432853135}
  m_RootOrder: 1
  m_LocalEulerAnglesHint: {x: 0, y: 0, z: 0}
--- !u!1 &6326827915346612900
GameObject:
  m_ObjectHideFlags: 0
  m_CorrespondingSourceObject: {fileID: 0}
  m_PrefabInstance: {fileID: 0}
  m_PrefabAsset: {fileID: 0}
  serializedVersion: 6
  m_Component:
  - component: {fileID: 6326827915346612901}
  m_Layer: 0
  m_Name: Collectables
  m_TagString: Untagged
  m_Icon: {fileID: 0}
  m_NavMeshLayer: 0
  m_StaticEditorFlags: 0
  m_IsActive: 1
--- !u!4 &6326827915346612901
Transform:
  m_ObjectHideFlags: 0
  m_CorrespondingSourceObject: {fileID: 0}
  m_PrefabInstance: {fileID: 0}
  m_PrefabAsset: {fileID: 0}
  m_GameObject: {fileID: 6326827915346612900}
  m_LocalRotation: {x: 0, y: 0, z: 0, w: 1}
  m_LocalPosition: {x: 0, y: 0, z: 0}
  m_LocalScale: {x: 1, y: 1, z: 1}
  m_Children: []
  m_Father: {fileID: 6326827915432853135}
  m_RootOrder: 3
  m_LocalEulerAnglesHint: {x: 0, y: 0, z: 0}
--- !u!1 &6326827915432853134
GameObject:
  m_ObjectHideFlags: 0
  m_CorrespondingSourceObject: {fileID: 0}
  m_PrefabInstance: {fileID: 0}
  m_PrefabAsset: {fileID: 0}
  serializedVersion: 6
  m_Component:
  - component: {fileID: 6326827915432853135}
  - component: {fileID: 6326827915432853128}
  - component: {fileID: 6326827915432853130}
  - component: {fileID: 6326827915432853129}
  m_Layer: 0
  m_Name: C5 1
  m_TagString: Untagged
  m_Icon: {fileID: 0}
  m_NavMeshLayer: 0
  m_StaticEditorFlags: 0
  m_IsActive: 1
--- !u!4 &6326827915432853135
Transform:
  m_ObjectHideFlags: 0
  m_CorrespondingSourceObject: {fileID: 0}
  m_PrefabInstance: {fileID: 0}
  m_PrefabAsset: {fileID: 0}
  m_GameObject: {fileID: 6326827915432853134}
  m_LocalRotation: {x: 0, y: 0, z: 0, w: 1}
  m_LocalPosition: {x: 0, y: 0, z: 0}
  m_LocalScale: {x: 1, y: 1, z: 1}
  m_Children:
  - {fileID: 6326827914067767403}
  - {fileID: 6326827914815625444}
  - {fileID: 6326827915464471900}
  - {fileID: 6326827915346612901}
  m_Father: {fileID: 0}
  m_RootOrder: 0
  m_LocalEulerAnglesHint: {x: 0, y: 0, z: 0}
--- !u!61 &6326827915432853128
BoxCollider2D:
  m_ObjectHideFlags: 0
  m_CorrespondingSourceObject: {fileID: 0}
  m_PrefabInstance: {fileID: 0}
  m_PrefabAsset: {fileID: 0}
  m_GameObject: {fileID: 6326827915432853134}
  m_Enabled: 1
  m_Density: 1
  m_Material: {fileID: 0}
  m_IsTrigger: 1
  m_UsedByEffector: 0
  m_UsedByComposite: 0
  m_Offset: {x: 100, y: 0}
  m_SpriteTilingProperty:
    border: {x: 0, y: 0, z: 0, w: 0}
    pivot: {x: 0, y: 0}
    oldSize: {x: 0, y: 0}
    newSize: {x: 0, y: 0}
    adaptiveTilingThreshold: 0
    drawMode: 0
    adaptiveTiling: 0
  m_AutoTiling: 0
  serializedVersion: 2
  m_Size: {x: 5, y: 35}
  m_EdgeRadius: 0
--- !u!114 &6326827915432853130
MonoBehaviour:
  m_ObjectHideFlags: 0
  m_CorrespondingSourceObject: {fileID: 0}
  m_PrefabInstance: {fileID: 0}
  m_PrefabAsset: {fileID: 0}
  m_GameObject: {fileID: 6326827915432853134}
  m_Enabled: 1
  m_EditorHideFlags: 0
  m_Script: {fileID: 11500000, guid: 71c77a3d5e19ae24288ce9aed7f20c73, type: 3}
  m_Name: 
  m_EditorClassIdentifier: 
--- !u!114 &6326827915432853129
MonoBehaviour:
  m_ObjectHideFlags: 0
  m_CorrespondingSourceObject: {fileID: 0}
  m_PrefabInstance: {fileID: 0}
  m_PrefabAsset: {fileID: 0}
  m_GameObject: {fileID: 6326827915432853134}
  m_Enabled: 1
  m_EditorHideFlags: 0
  m_Script: {fileID: 11500000, guid: 9f40e6ccdeaa361438d6d974368e8dba, type: 3}
  m_Name: 
  m_EditorClassIdentifier: 
--- !u!1 &6326827915464471891
GameObject:
  m_ObjectHideFlags: 0
  m_CorrespondingSourceObject: {fileID: 0}
  m_PrefabInstance: {fileID: 0}
  m_PrefabAsset: {fileID: 0}
  serializedVersion: 6
  m_Component:
  - component: {fileID: 6326827915464471900}
  m_Layer: 0
  m_Name: Interactables
  m_TagString: Untagged
  m_Icon: {fileID: 0}
  m_NavMeshLayer: 0
  m_StaticEditorFlags: 0
  m_IsActive: 1
--- !u!4 &6326827915464471900
Transform:
  m_ObjectHideFlags: 0
  m_CorrespondingSourceObject: {fileID: 0}
  m_PrefabInstance: {fileID: 0}
  m_PrefabAsset: {fileID: 0}
  m_GameObject: {fileID: 6326827915464471891}
  m_LocalRotation: {x: 0, y: 0, z: 0, w: 1}
  m_LocalPosition: {x: 0, y: 0, z: 0}
  m_LocalScale: {x: 1, y: 1, z: 1}
  m_Children:
  - {fileID: 2744927968966465217}
  m_Father: {fileID: 6326827915432853135}
  m_RootOrder: 2
  m_LocalEulerAnglesHint: {x: 0, y: 0, z: 0}
--- !u!1001 &6326827914036844627
PrefabInstance:
  m_ObjectHideFlags: 0
  serializedVersion: 2
  m_Modification:
    m_TransformParent: {fileID: 6326827914067767403}
    m_Modifications:
    - target: {fileID: 1879243505633702252, guid: 033f3f7d0cd8c2f4ebe62f406efe76b9,
        type: 3}
      propertyPath: m_Name
      value: SmallPlatform_Green1
      objectReference: {fileID: 0}
    - target: {fileID: 1879243505633702254, guid: 033f3f7d0cd8c2f4ebe62f406efe76b9,
        type: 3}
      propertyPath: m_LocalPosition.x
      value: 87.8
      objectReference: {fileID: 0}
    - target: {fileID: 1879243505633702254, guid: 033f3f7d0cd8c2f4ebe62f406efe76b9,
        type: 3}
      propertyPath: m_LocalPosition.y
      value: 0.5
      objectReference: {fileID: 0}
    - target: {fileID: 1879243505633702254, guid: 033f3f7d0cd8c2f4ebe62f406efe76b9,
        type: 3}
      propertyPath: m_LocalPosition.z
      value: 0
      objectReference: {fileID: 0}
    - target: {fileID: 1879243505633702254, guid: 033f3f7d0cd8c2f4ebe62f406efe76b9,
        type: 3}
      propertyPath: m_LocalRotation.x
      value: 0
      objectReference: {fileID: 0}
    - target: {fileID: 1879243505633702254, guid: 033f3f7d0cd8c2f4ebe62f406efe76b9,
        type: 3}
      propertyPath: m_LocalRotation.y
      value: 0
      objectReference: {fileID: 0}
    - target: {fileID: 1879243505633702254, guid: 033f3f7d0cd8c2f4ebe62f406efe76b9,
        type: 3}
      propertyPath: m_LocalRotation.z
      value: 0.69465834
      objectReference: {fileID: 0}
    - target: {fileID: 1879243505633702254, guid: 033f3f7d0cd8c2f4ebe62f406efe76b9,
        type: 3}
      propertyPath: m_LocalRotation.w
      value: 0.71933985
      objectReference: {fileID: 0}
    - target: {fileID: 1879243505633702254, guid: 033f3f7d0cd8c2f4ebe62f406efe76b9,
        type: 3}
      propertyPath: m_RootOrder
      value: 7
      objectReference: {fileID: 0}
    - target: {fileID: 1879243505633702254, guid: 033f3f7d0cd8c2f4ebe62f406efe76b9,
        type: 3}
      propertyPath: m_LocalEulerAnglesHint.x
      value: 0
      objectReference: {fileID: 0}
    - target: {fileID: 1879243505633702254, guid: 033f3f7d0cd8c2f4ebe62f406efe76b9,
        type: 3}
      propertyPath: m_LocalEulerAnglesHint.y
      value: 0
      objectReference: {fileID: 0}
    - target: {fileID: 1879243505633702254, guid: 033f3f7d0cd8c2f4ebe62f406efe76b9,
        type: 3}
      propertyPath: m_LocalEulerAnglesHint.z
      value: -4
      objectReference: {fileID: 0}
    m_RemovedComponents: []
  m_SourcePrefab: {fileID: 100100000, guid: 033f3f7d0cd8c2f4ebe62f406efe76b9, type: 3}
--- !u!4 &5609517514497239357 stripped
Transform:
  m_CorrespondingSourceObject: {fileID: 1879243505633702254, guid: 033f3f7d0cd8c2f4ebe62f406efe76b9,
    type: 3}
  m_PrefabInstance: {fileID: 6326827914036844627}
  m_PrefabAsset: {fileID: 0}
--- !u!1001 &6326827914134235512
PrefabInstance:
  m_ObjectHideFlags: 0
  serializedVersion: 2
  m_Modification:
    m_TransformParent: {fileID: 6326827914067767403}
    m_Modifications:
    - target: {fileID: 1879243505633702252, guid: 033f3f7d0cd8c2f4ebe62f406efe76b9,
        type: 3}
      propertyPath: m_Name
      value: SmallPlatform_Green2
      objectReference: {fileID: 0}
    - target: {fileID: 1879243505633702254, guid: 033f3f7d0cd8c2f4ebe62f406efe76b9,
        type: 3}
      propertyPath: m_LocalPosition.x
      value: 96.4
      objectReference: {fileID: 0}
    - target: {fileID: 1879243505633702254, guid: 033f3f7d0cd8c2f4ebe62f406efe76b9,
        type: 3}
      propertyPath: m_LocalPosition.y
      value: -1.6
      objectReference: {fileID: 0}
    - target: {fileID: 1879243505633702254, guid: 033f3f7d0cd8c2f4ebe62f406efe76b9,
        type: 3}
      propertyPath: m_LocalPosition.z
      value: 0
      objectReference: {fileID: 0}
    - target: {fileID: 1879243505633702254, guid: 033f3f7d0cd8c2f4ebe62f406efe76b9,
        type: 3}
      propertyPath: m_LocalRotation.x
      value: 0
      objectReference: {fileID: 0}
    - target: {fileID: 1879243505633702254, guid: 033f3f7d0cd8c2f4ebe62f406efe76b9,
        type: 3}
      propertyPath: m_LocalRotation.y
      value: 0
      objectReference: {fileID: 0}
    - target: {fileID: 1879243505633702254, guid: 033f3f7d0cd8c2f4ebe62f406efe76b9,
        type: 3}
      propertyPath: m_LocalRotation.z
      value: 0.69465834
      objectReference: {fileID: 0}
    - target: {fileID: 1879243505633702254, guid: 033f3f7d0cd8c2f4ebe62f406efe76b9,
        type: 3}
      propertyPath: m_LocalRotation.w
      value: 0.71933985
      objectReference: {fileID: 0}
    - target: {fileID: 1879243505633702254, guid: 033f3f7d0cd8c2f4ebe62f406efe76b9,
        type: 3}
      propertyPath: m_RootOrder
      value: 8
      objectReference: {fileID: 0}
    - target: {fileID: 1879243505633702254, guid: 033f3f7d0cd8c2f4ebe62f406efe76b9,
        type: 3}
      propertyPath: m_LocalEulerAnglesHint.x
      value: 0
      objectReference: {fileID: 0}
    - target: {fileID: 1879243505633702254, guid: 033f3f7d0cd8c2f4ebe62f406efe76b9,
        type: 3}
      propertyPath: m_LocalEulerAnglesHint.y
      value: 0
      objectReference: {fileID: 0}
    - target: {fileID: 1879243505633702254, guid: 033f3f7d0cd8c2f4ebe62f406efe76b9,
        type: 3}
      propertyPath: m_LocalEulerAnglesHint.z
      value: -4
      objectReference: {fileID: 0}
    m_RemovedComponents: []
  m_SourcePrefab: {fileID: 100100000, guid: 033f3f7d0cd8c2f4ebe62f406efe76b9, type: 3}
--- !u!4 &5609517514401683478 stripped
Transform:
  m_CorrespondingSourceObject: {fileID: 1879243505633702254, guid: 033f3f7d0cd8c2f4ebe62f406efe76b9,
    type: 3}
  m_PrefabInstance: {fileID: 6326827914134235512}
  m_PrefabAsset: {fileID: 0}
--- !u!1001 &6326827914232606256
PrefabInstance:
  m_ObjectHideFlags: 0
  serializedVersion: 2
  m_Modification:
    m_TransformParent: {fileID: 6326827914067767403}
    m_Modifications:
    - target: {fileID: 3695142497767419591, guid: 9315cf23c60921949a62e948236a9d8b,
        type: 3}
      propertyPath: m_Name
      value: MediumPlatform_Green2
      objectReference: {fileID: 0}
    - target: {fileID: 3695142497767419589, guid: 9315cf23c60921949a62e948236a9d8b,
        type: 3}
      propertyPath: m_LocalPosition.x
      value: 30.8
      objectReference: {fileID: 0}
    - target: {fileID: 3695142497767419589, guid: 9315cf23c60921949a62e948236a9d8b,
        type: 3}
      propertyPath: m_LocalPosition.y
      value: 0.100000024
      objectReference: {fileID: 0}
    - target: {fileID: 3695142497767419589, guid: 9315cf23c60921949a62e948236a9d8b,
        type: 3}
      propertyPath: m_LocalPosition.z
      value: 0
      objectReference: {fileID: 0}
    - target: {fileID: 3695142497767419589, guid: 9315cf23c60921949a62e948236a9d8b,
        type: 3}
      propertyPath: m_LocalRotation.x
      value: 0
      objectReference: {fileID: 0}
    - target: {fileID: 3695142497767419589, guid: 9315cf23c60921949a62e948236a9d8b,
        type: 3}
      propertyPath: m_LocalRotation.y
      value: 0
      objectReference: {fileID: 0}
    - target: {fileID: 3695142497767419589, guid: 9315cf23c60921949a62e948236a9d8b,
        type: 3}
      propertyPath: m_LocalRotation.z
      value: 0.67559016
      objectReference: {fileID: 0}
    - target: {fileID: 3695142497767419589, guid: 9315cf23c60921949a62e948236a9d8b,
        type: 3}
      propertyPath: m_LocalRotation.w
      value: 0.7372774
      objectReference: {fileID: 0}
    - target: {fileID: 3695142497767419589, guid: 9315cf23c60921949a62e948236a9d8b,
        type: 3}
      propertyPath: m_RootOrder
      value: 2
      objectReference: {fileID: 0}
    - target: {fileID: 3695142497767419589, guid: 9315cf23c60921949a62e948236a9d8b,
        type: 3}
      propertyPath: m_LocalEulerAnglesHint.x
      value: 0
      objectReference: {fileID: 0}
    - target: {fileID: 3695142497767419589, guid: 9315cf23c60921949a62e948236a9d8b,
        type: 3}
      propertyPath: m_LocalEulerAnglesHint.y
      value: 0
      objectReference: {fileID: 0}
    - target: {fileID: 3695142497767419589, guid: 9315cf23c60921949a62e948236a9d8b,
        type: 3}
      propertyPath: m_LocalEulerAnglesHint.z
      value: -5
      objectReference: {fileID: 0}
    m_RemovedComponents: []
  m_SourcePrefab: {fileID: 100100000, guid: 9315cf23c60921949a62e948236a9d8b, type: 3}
--- !u!4 &7244779910399279349 stripped
Transform:
  m_CorrespondingSourceObject: {fileID: 3695142497767419589, guid: 9315cf23c60921949a62e948236a9d8b,
    type: 3}
  m_PrefabInstance: {fileID: 6326827914232606256}
  m_PrefabAsset: {fileID: 0}
--- !u!1001 &6326827914373236250
PrefabInstance:
  m_ObjectHideFlags: 0
  serializedVersion: 2
  m_Modification:
    m_TransformParent: {fileID: 6326827914067767403}
    m_Modifications:
    - target: {fileID: 8197211831755617946, guid: 91f2cb9cae3c520429d3608c306863d9,
        type: 3}
      propertyPath: m_Name
      value: XSmallPlatform_Green
      objectReference: {fileID: 0}
    - target: {fileID: 8197211831755617944, guid: 91f2cb9cae3c520429d3608c306863d9,
        type: 3}
      propertyPath: m_LocalPosition.x
      value: 104.8
      objectReference: {fileID: 0}
    - target: {fileID: 8197211831755617944, guid: 91f2cb9cae3c520429d3608c306863d9,
        type: 3}
      propertyPath: m_LocalPosition.y
      value: 0.1
      objectReference: {fileID: 0}
    - target: {fileID: 8197211831755617944, guid: 91f2cb9cae3c520429d3608c306863d9,
        type: 3}
      propertyPath: m_LocalPosition.z
      value: 0
      objectReference: {fileID: 0}
    - target: {fileID: 8197211831755617944, guid: 91f2cb9cae3c520429d3608c306863d9,
        type: 3}
      propertyPath: m_LocalRotation.x
      value: -0
      objectReference: {fileID: 0}
    - target: {fileID: 8197211831755617944, guid: 91f2cb9cae3c520429d3608c306863d9,
        type: 3}
      propertyPath: m_LocalRotation.y
      value: -0
      objectReference: {fileID: 0}
    - target: {fileID: 8197211831755617944, guid: 91f2cb9cae3c520429d3608c306863d9,
        type: 3}
      propertyPath: m_LocalRotation.z
      value: 0.6819983
      objectReference: {fileID: 0}
    - target: {fileID: 8197211831755617944, guid: 91f2cb9cae3c520429d3608c306863d9,
        type: 3}
      propertyPath: m_LocalRotation.w
      value: 0.7313538
      objectReference: {fileID: 0}
    - target: {fileID: 8197211831755617944, guid: 91f2cb9cae3c520429d3608c306863d9,
        type: 3}
      propertyPath: m_RootOrder
      value: 9
      objectReference: {fileID: 0}
    - target: {fileID: 8197211831755617944, guid: 91f2cb9cae3c520429d3608c306863d9,
        type: 3}
      propertyPath: m_LocalEulerAnglesHint.x
      value: 0
      objectReference: {fileID: 0}
    - target: {fileID: 8197211831755617944, guid: 91f2cb9cae3c520429d3608c306863d9,
        type: 3}
      propertyPath: m_LocalEulerAnglesHint.y
      value: 0
      objectReference: {fileID: 0}
    - target: {fileID: 8197211831755617944, guid: 91f2cb9cae3c520429d3608c306863d9,
        type: 3}
      propertyPath: m_LocalEulerAnglesHint.z
      value: 86
      objectReference: {fileID: 0}
    m_RemovedComponents: []
  m_SourcePrefab: {fileID: 100100000, guid: 91f2cb9cae3c520429d3608c306863d9, type: 3}
--- !u!4 &2742464356784681090 stripped
Transform:
  m_CorrespondingSourceObject: {fileID: 8197211831755617944, guid: 91f2cb9cae3c520429d3608c306863d9,
    type: 3}
  m_PrefabInstance: {fileID: 6326827914373236250}
  m_PrefabAsset: {fileID: 0}
--- !u!1001 &6326827914598318272
PrefabInstance:
  m_ObjectHideFlags: 0
  serializedVersion: 2
  m_Modification:
    m_TransformParent: {fileID: 6326827914067767403}
    m_Modifications:
    - target: {fileID: 6270305318111323265, guid: 824d59a04096933449f64533c4a59f95,
        type: 3}
      propertyPath: m_Name
      value: MediumSpikedPlatform_Green2
      objectReference: {fileID: 0}
    - target: {fileID: 6270305318111323279, guid: 824d59a04096933449f64533c4a59f95,
        type: 3}
      propertyPath: m_LocalPosition.x
      value: 64.3
      objectReference: {fileID: 0}
    - target: {fileID: 6270305318111323279, guid: 824d59a04096933449f64533c4a59f95,
        type: 3}
      propertyPath: m_LocalPosition.y
      value: -2
      objectReference: {fileID: 0}
    - target: {fileID: 6270305318111323279, guid: 824d59a04096933449f64533c4a59f95,
        type: 3}
      propertyPath: m_LocalPosition.z
      value: 0
      objectReference: {fileID: 0}
    - target: {fileID: 6270305318111323279, guid: 824d59a04096933449f64533c4a59f95,
        type: 3}
      propertyPath: m_LocalRotation.x
      value: -0
      objectReference: {fileID: 0}
    - target: {fileID: 6270305318111323279, guid: 824d59a04096933449f64533c4a59f95,
        type: 3}
      propertyPath: m_LocalRotation.y
      value: -0
      objectReference: {fileID: 0}
    - target: {fileID: 6270305318111323279, guid: 824d59a04096933449f64533c4a59f95,
        type: 3}
      propertyPath: m_LocalRotation.z
      value: -0.043619405
      objectReference: {fileID: 0}
    - target: {fileID: 6270305318111323279, guid: 824d59a04096933449f64533c4a59f95,
        type: 3}
      propertyPath: m_LocalRotation.w
      value: 0.9990483
      objectReference: {fileID: 0}
    - target: {fileID: 6270305318111323279, guid: 824d59a04096933449f64533c4a59f95,
        type: 3}
      propertyPath: m_RootOrder
      value: 5
      objectReference: {fileID: 0}
    - target: {fileID: 6270305318111323279, guid: 824d59a04096933449f64533c4a59f95,
        type: 3}
      propertyPath: m_LocalEulerAnglesHint.x
      value: 0
      objectReference: {fileID: 0}
    - target: {fileID: 6270305318111323279, guid: 824d59a04096933449f64533c4a59f95,
        type: 3}
      propertyPath: m_LocalEulerAnglesHint.y
      value: 0
      objectReference: {fileID: 0}
    - target: {fileID: 6270305318111323279, guid: 824d59a04096933449f64533c4a59f95,
        type: 3}
      propertyPath: m_LocalEulerAnglesHint.z
      value: -5
      objectReference: {fileID: 0}
    m_RemovedComponents: []
  m_SourcePrefab: {fileID: 100100000, guid: 824d59a04096933449f64533c4a59f95, type: 3}
--- !u!4 &56841455773951055 stripped
Transform:
  m_CorrespondingSourceObject: {fileID: 6270305318111323279, guid: 824d59a04096933449f64533c4a59f95,
    type: 3}
  m_PrefabInstance: {fileID: 6326827914598318272}
  m_PrefabAsset: {fileID: 0}
--- !u!1001 &6326827914659197528
PrefabInstance:
  m_ObjectHideFlags: 0
  serializedVersion: 2
  m_Modification:
    m_TransformParent: {fileID: 6326827914067767403}
    m_Modifications:
    - target: {fileID: 1353401441526620272, guid: 724cd37e91db3c847ad821f14ec351f1,
        type: 3}
      propertyPath: m_Name
      value: LargePlatform_Green
      objectReference: {fileID: 0}
    - target: {fileID: 1353401441526620274, guid: 724cd37e91db3c847ad821f14ec351f1,
        type: 3}
      propertyPath: m_LocalPosition.x
      value: 74.8
      objectReference: {fileID: 0}
    - target: {fileID: 1353401441526620274, guid: 724cd37e91db3c847ad821f14ec351f1,
        type: 3}
      propertyPath: m_LocalPosition.y
      value: -0.4
      objectReference: {fileID: 0}
    - target: {fileID: 1353401441526620274, guid: 724cd37e91db3c847ad821f14ec351f1,
        type: 3}
      propertyPath: m_LocalPosition.z
      value: 0
      objectReference: {fileID: 0}
    - target: {fileID: 1353401441526620274, guid: 724cd37e91db3c847ad821f14ec351f1,
        type: 3}
      propertyPath: m_LocalRotation.x
      value: -0
      objectReference: {fileID: 0}
    - target: {fileID: 1353401441526620274, guid: 724cd37e91db3c847ad821f14ec351f1,
        type: 3}
      propertyPath: m_LocalRotation.y
      value: -0
      objectReference: {fileID: 0}
    - target: {fileID: 1353401441526620274, guid: 724cd37e91db3c847ad821f14ec351f1,
        type: 3}
      propertyPath: m_LocalRotation.z
      value: 0.67559016
      objectReference: {fileID: 0}
    - target: {fileID: 1353401441526620274, guid: 724cd37e91db3c847ad821f14ec351f1,
        type: 3}
      propertyPath: m_LocalRotation.w
      value: 0.7372774
      objectReference: {fileID: 0}
    - target: {fileID: 1353401441526620274, guid: 724cd37e91db3c847ad821f14ec351f1,
        type: 3}
      propertyPath: m_RootOrder
      value: 6
      objectReference: {fileID: 0}
    - target: {fileID: 1353401441526620274, guid: 724cd37e91db3c847ad821f14ec351f1,
        type: 3}
      propertyPath: m_LocalEulerAnglesHint.x
      value: 0
      objectReference: {fileID: 0}
    - target: {fileID: 1353401441526620274, guid: 724cd37e91db3c847ad821f14ec351f1,
        type: 3}
      propertyPath: m_LocalEulerAnglesHint.y
      value: 0
      objectReference: {fileID: 0}
    - target: {fileID: 1353401441526620274, guid: 724cd37e91db3c847ad821f14ec351f1,
        type: 3}
      propertyPath: m_LocalEulerAnglesHint.z
      value: -4
      objectReference: {fileID: 0}
    m_RemovedComponents: []
  m_SourcePrefab: {fileID: 100100000, guid: 724cd37e91db3c847ad821f14ec351f1, type: 3}
--- !u!4 &4973477052838269482 stripped
Transform:
  m_CorrespondingSourceObject: {fileID: 1353401441526620274, guid: 724cd37e91db3c847ad821f14ec351f1,
    type: 3}
  m_PrefabInstance: {fileID: 6326827914659197528}
  m_PrefabAsset: {fileID: 0}
--- !u!1001 &6326827915365087280
PrefabInstance:
  m_ObjectHideFlags: 0
  serializedVersion: 2
  m_Modification:
    m_TransformParent: {fileID: 6326827914067767403}
    m_Modifications:
    - target: {fileID: 3695142497767419591, guid: 9315cf23c60921949a62e948236a9d8b,
        type: 3}
      propertyPath: m_Name
      value: MediumPlatform_Green1
      objectReference: {fileID: 0}
    - target: {fileID: 3695142497767419589, guid: 9315cf23c60921949a62e948236a9d8b,
        type: 3}
      propertyPath: m_LocalPosition.x
      value: 17.5
      objectReference: {fileID: 0}
    - target: {fileID: 3695142497767419589, guid: 9315cf23c60921949a62e948236a9d8b,
        type: 3}
      propertyPath: m_LocalPosition.y
      value: 0.100000024
      objectReference: {fileID: 0}
    - target: {fileID: 3695142497767419589, guid: 9315cf23c60921949a62e948236a9d8b,
        type: 3}
      propertyPath: m_LocalPosition.z
      value: 0
      objectReference: {fileID: 0}
    - target: {fileID: 3695142497767419589, guid: 9315cf23c60921949a62e948236a9d8b,
        type: 3}
      propertyPath: m_LocalRotation.x
      value: 0
      objectReference: {fileID: 0}
    - target: {fileID: 3695142497767419589, guid: 9315cf23c60921949a62e948236a9d8b,
        type: 3}
      propertyPath: m_LocalRotation.y
      value: 0
      objectReference: {fileID: 0}
    - target: {fileID: 3695142497767419589, guid: 9315cf23c60921949a62e948236a9d8b,
        type: 3}
      propertyPath: m_LocalRotation.z
      value: 0.67559016
      objectReference: {fileID: 0}
    - target: {fileID: 3695142497767419589, guid: 9315cf23c60921949a62e948236a9d8b,
        type: 3}
      propertyPath: m_LocalRotation.w
      value: 0.7372774
      objectReference: {fileID: 0}
    - target: {fileID: 3695142497767419589, guid: 9315cf23c60921949a62e948236a9d8b,
        type: 3}
      propertyPath: m_RootOrder
      value: 0
      objectReference: {fileID: 0}
    - target: {fileID: 3695142497767419589, guid: 9315cf23c60921949a62e948236a9d8b,
        type: 3}
      propertyPath: m_LocalEulerAnglesHint.x
      value: 0
      objectReference: {fileID: 0}
    - target: {fileID: 3695142497767419589, guid: 9315cf23c60921949a62e948236a9d8b,
        type: 3}
      propertyPath: m_LocalEulerAnglesHint.y
      value: 0
      objectReference: {fileID: 0}
    - target: {fileID: 3695142497767419589, guid: 9315cf23c60921949a62e948236a9d8b,
        type: 3}
      propertyPath: m_LocalEulerAnglesHint.z
      value: -5
      objectReference: {fileID: 0}
    m_RemovedComponents: []
  m_SourcePrefab: {fileID: 100100000, guid: 9315cf23c60921949a62e948236a9d8b, type: 3}
--- !u!4 &7244779911682725621 stripped
Transform:
  m_CorrespondingSourceObject: {fileID: 3695142497767419589, guid: 9315cf23c60921949a62e948236a9d8b,
    type: 3}
  m_PrefabInstance: {fileID: 6326827915365087280}
  m_PrefabAsset: {fileID: 0}
--- !u!1001 &6326827915395687239
PrefabInstance:
  m_ObjectHideFlags: 0
  serializedVersion: 2
  m_Modification:
    m_TransformParent: {fileID: 6326827914067767403}
    m_Modifications:
    - target: {fileID: 3695142497767419591, guid: 9315cf23c60921949a62e948236a9d8b,
        type: 3}
      propertyPath: m_Name
      value: MediumPlatform_Green3
      objectReference: {fileID: 0}
    - target: {fileID: 3695142497767419589, guid: 9315cf23c60921949a62e948236a9d8b,
        type: 3}
      propertyPath: m_LocalPosition.x
      value: 42.6
      objectReference: {fileID: 0}
    - target: {fileID: 3695142497767419589, guid: 9315cf23c60921949a62e948236a9d8b,
        type: 3}
      propertyPath: m_LocalPosition.y
      value: 0.100000024
      objectReference: {fileID: 0}
    - target: {fileID: 3695142497767419589, guid: 9315cf23c60921949a62e948236a9d8b,
        type: 3}
      propertyPath: m_LocalPosition.z
      value: 0
      objectReference: {fileID: 0}
    - target: {fileID: 3695142497767419589, guid: 9315cf23c60921949a62e948236a9d8b,
        type: 3}
      propertyPath: m_LocalRotation.x
      value: 0
      objectReference: {fileID: 0}
    - target: {fileID: 3695142497767419589, guid: 9315cf23c60921949a62e948236a9d8b,
        type: 3}
      propertyPath: m_LocalRotation.y
      value: 0
      objectReference: {fileID: 0}
    - target: {fileID: 3695142497767419589, guid: 9315cf23c60921949a62e948236a9d8b,
        type: 3}
      propertyPath: m_LocalRotation.z
      value: 0.67559016
      objectReference: {fileID: 0}
    - target: {fileID: 3695142497767419589, guid: 9315cf23c60921949a62e948236a9d8b,
        type: 3}
      propertyPath: m_LocalRotation.w
      value: 0.7372774
      objectReference: {fileID: 0}
    - target: {fileID: 3695142497767419589, guid: 9315cf23c60921949a62e948236a9d8b,
        type: 3}
      propertyPath: m_RootOrder
      value: 3
      objectReference: {fileID: 0}
    - target: {fileID: 3695142497767419589, guid: 9315cf23c60921949a62e948236a9d8b,
        type: 3}
      propertyPath: m_LocalEulerAnglesHint.x
      value: 0
      objectReference: {fileID: 0}
    - target: {fileID: 3695142497767419589, guid: 9315cf23c60921949a62e948236a9d8b,
        type: 3}
      propertyPath: m_LocalEulerAnglesHint.y
      value: 0
      objectReference: {fileID: 0}
    - target: {fileID: 3695142497767419589, guid: 9315cf23c60921949a62e948236a9d8b,
        type: 3}
      propertyPath: m_LocalEulerAnglesHint.z
      value: -5
      objectReference: {fileID: 0}
    m_RemovedComponents: []
  m_SourcePrefab: {fileID: 100100000, guid: 9315cf23c60921949a62e948236a9d8b, type: 3}
--- !u!4 &7244779911583305090 stripped
Transform:
  m_CorrespondingSourceObject: {fileID: 3695142497767419589, guid: 9315cf23c60921949a62e948236a9d8b,
    type: 3}
  m_PrefabInstance: {fileID: 6326827915395687239}
  m_PrefabAsset: {fileID: 0}
--- !u!1001 &6326827915401347290
PrefabInstance:
  m_ObjectHideFlags: 0
  serializedVersion: 2
  m_Modification:
    m_TransformParent: {fileID: 6326827914815625444}
    m_Modifications:
    - target: {fileID: 5926211689818271949, guid: 8365c0d00ca766d4791adefd36af1b63,
        type: 3}
      propertyPath: m_Name
      value: SwingingRope2
      objectReference: {fileID: 0}
    - target: {fileID: 4072461675099208326, guid: 8365c0d00ca766d4791adefd36af1b63,
        type: 3}
      propertyPath: m_LocalPosition.x
      value: 110
      objectReference: {fileID: 0}
    - target: {fileID: 4072461675099208326, guid: 8365c0d00ca766d4791adefd36af1b63,
        type: 3}
      propertyPath: m_LocalPosition.y
      value: 4
      objectReference: {fileID: 0}
    - target: {fileID: 4072461675099208326, guid: 8365c0d00ca766d4791adefd36af1b63,
        type: 3}
      propertyPath: m_LocalPosition.z
      value: 0
      objectReference: {fileID: 0}
    - target: {fileID: 4072461675099208326, guid: 8365c0d00ca766d4791adefd36af1b63,
        type: 3}
      propertyPath: m_LocalRotation.x
      value: 0
      objectReference: {fileID: 0}
    - target: {fileID: 4072461675099208326, guid: 8365c0d00ca766d4791adefd36af1b63,
        type: 3}
      propertyPath: m_LocalRotation.y
      value: 0
      objectReference: {fileID: 0}
    - target: {fileID: 4072461675099208326, guid: 8365c0d00ca766d4791adefd36af1b63,
        type: 3}
      propertyPath: m_LocalRotation.z
      value: 0
      objectReference: {fileID: 0}
    - target: {fileID: 4072461675099208326, guid: 8365c0d00ca766d4791adefd36af1b63,
        type: 3}
      propertyPath: m_LocalRotation.w
      value: 1
      objectReference: {fileID: 0}
    - target: {fileID: 4072461675099208326, guid: 8365c0d00ca766d4791adefd36af1b63,
        type: 3}
      propertyPath: m_RootOrder
      value: 1
      objectReference: {fileID: 0}
    - target: {fileID: 4072461675099208326, guid: 8365c0d00ca766d4791adefd36af1b63,
        type: 3}
      propertyPath: m_LocalEulerAnglesHint.x
      value: 0
      objectReference: {fileID: 0}
    - target: {fileID: 4072461675099208326, guid: 8365c0d00ca766d4791adefd36af1b63,
        type: 3}
      propertyPath: m_LocalEulerAnglesHint.y
      value: 0.37500003
      objectReference: {fileID: 0}
    - target: {fileID: 4072461675099208326, guid: 8365c0d00ca766d4791adefd36af1b63,
        type: 3}
      propertyPath: m_LocalEulerAnglesHint.z
      value: 0
      objectReference: {fileID: 0}
    - target: {fileID: 5870330288469880431, guid: 8365c0d00ca766d4791adefd36af1b63,
        type: 3}
      propertyPath: m_ConnectedAnchor.y
      value: 8.025
      objectReference: {fileID: 0}
    - target: {fileID: 5870330288469880431, guid: 8365c0d00ca766d4791adefd36af1b63,
        type: 3}
      propertyPath: m_ConnectedAnchor.x
      value: 110
      objectReference: {fileID: 0}
    m_RemovedComponents: []
  m_SourcePrefab: {fileID: 100100000, guid: 8365c0d00ca766d4791adefd36af1b63, type: 3}
--- !u!4 &8018978161421974108 stripped
Transform:
  m_CorrespondingSourceObject: {fileID: 4072461675099208326, guid: 8365c0d00ca766d4791adefd36af1b63,
    type: 3}
  m_PrefabInstance: {fileID: 6326827915401347290}
  m_PrefabAsset: {fileID: 0}
--- !u!1001 &6326827915777691083
PrefabInstance:
  m_ObjectHideFlags: 0
  serializedVersion: 2
  m_Modification:
    m_TransformParent: {fileID: 6326827914067767403}
    m_Modifications:
    - target: {fileID: 6270305318111323265, guid: 824d59a04096933449f64533c4a59f95,
        type: 3}
      propertyPath: m_Name
      value: MediumSpikedPlatform_Green1
      objectReference: {fileID: 0}
    - target: {fileID: 6270305318111323279, guid: 824d59a04096933449f64533c4a59f95,
        type: 3}
      propertyPath: m_LocalPosition.x
      value: 24.124191
      objectReference: {fileID: 0}
    - target: {fileID: 6270305318111323279, guid: 824d59a04096933449f64533c4a59f95,
        type: 3}
      propertyPath: m_LocalPosition.y
      value: -2.6371865
      objectReference: {fileID: 0}
    - target: {fileID: 6270305318111323279, guid: 824d59a04096933449f64533c4a59f95,
        type: 3}
      propertyPath: m_LocalPosition.z
      value: 0
      objectReference: {fileID: 0}
    - target: {fileID: 6270305318111323279, guid: 824d59a04096933449f64533c4a59f95,
        type: 3}
      propertyPath: m_LocalRotation.x
      value: -0
      objectReference: {fileID: 0}
    - target: {fileID: 6270305318111323279, guid: 824d59a04096933449f64533c4a59f95,
        type: 3}
      propertyPath: m_LocalRotation.y
      value: -0
      objectReference: {fileID: 0}
    - target: {fileID: 6270305318111323279, guid: 824d59a04096933449f64533c4a59f95,
        type: 3}
      propertyPath: m_LocalRotation.z
      value: -0.043619405
      objectReference: {fileID: 0}
    - target: {fileID: 6270305318111323279, guid: 824d59a04096933449f64533c4a59f95,
        type: 3}
      propertyPath: m_LocalRotation.w
      value: 0.9990483
      objectReference: {fileID: 0}
    - target: {fileID: 6270305318111323279, guid: 824d59a04096933449f64533c4a59f95,
        type: 3}
      propertyPath: m_RootOrder
      value: 1
      objectReference: {fileID: 0}
    - target: {fileID: 6270305318111323279, guid: 824d59a04096933449f64533c4a59f95,
        type: 3}
      propertyPath: m_LocalEulerAnglesHint.x
      value: 0
      objectReference: {fileID: 0}
    - target: {fileID: 6270305318111323279, guid: 824d59a04096933449f64533c4a59f95,
        type: 3}
      propertyPath: m_LocalEulerAnglesHint.y
      value: 0
      objectReference: {fileID: 0}
    - target: {fileID: 6270305318111323279, guid: 824d59a04096933449f64533c4a59f95,
        type: 3}
      propertyPath: m_LocalEulerAnglesHint.z
      value: -5
      objectReference: {fileID: 0}
    m_RemovedComponents: []
  m_SourcePrefab: {fileID: 100100000, guid: 824d59a04096933449f64533c4a59f95, type: 3}
--- !u!4 &56841456743147844 stripped
Transform:
  m_CorrespondingSourceObject: {fileID: 6270305318111323279, guid: 824d59a04096933449f64533c4a59f95,
    type: 3}
  m_PrefabInstance: {fileID: 6326827915777691083}
  m_PrefabAsset: {fileID: 0}
--- !u!1001 &6326827915779315026
PrefabInstance:
  m_ObjectHideFlags: 0
  serializedVersion: 2
  m_Modification:
    m_TransformParent: {fileID: 6326827914067767403}
    m_Modifications:
    - target: {fileID: 3695142497767419591, guid: 9315cf23c60921949a62e948236a9d8b,
        type: 3}
      propertyPath: m_Name
      value: MediumPlatform_Green4
      objectReference: {fileID: 0}
    - target: {fileID: 3695142497767419589, guid: 9315cf23c60921949a62e948236a9d8b,
        type: 3}
      propertyPath: m_LocalPosition.x
      value: 54.8
      objectReference: {fileID: 0}
    - target: {fileID: 3695142497767419589, guid: 9315cf23c60921949a62e948236a9d8b,
        type: 3}
      propertyPath: m_LocalPosition.y
      value: 0.3
      objectReference: {fileID: 0}
    - target: {fileID: 3695142497767419589, guid: 9315cf23c60921949a62e948236a9d8b,
        type: 3}
      propertyPath: m_LocalPosition.z
      value: 0
      objectReference: {fileID: 0}
    - target: {fileID: 3695142497767419589, guid: 9315cf23c60921949a62e948236a9d8b,
        type: 3}
      propertyPath: m_LocalRotation.x
      value: 0
      objectReference: {fileID: 0}
    - target: {fileID: 3695142497767419589, guid: 9315cf23c60921949a62e948236a9d8b,
        type: 3}
      propertyPath: m_LocalRotation.y
      value: 0
      objectReference: {fileID: 0}
    - target: {fileID: 3695142497767419589, guid: 9315cf23c60921949a62e948236a9d8b,
        type: 3}
      propertyPath: m_LocalRotation.z
      value: 0.67559016
      objectReference: {fileID: 0}
    - target: {fileID: 3695142497767419589, guid: 9315cf23c60921949a62e948236a9d8b,
        type: 3}
      propertyPath: m_LocalRotation.w
      value: 0.7372774
      objectReference: {fileID: 0}
    - target: {fileID: 3695142497767419589, guid: 9315cf23c60921949a62e948236a9d8b,
        type: 3}
      propertyPath: m_RootOrder
      value: 4
      objectReference: {fileID: 0}
    - target: {fileID: 3695142497767419589, guid: 9315cf23c60921949a62e948236a9d8b,
        type: 3}
      propertyPath: m_LocalEulerAnglesHint.x
      value: 0
      objectReference: {fileID: 0}
    - target: {fileID: 3695142497767419589, guid: 9315cf23c60921949a62e948236a9d8b,
        type: 3}
      propertyPath: m_LocalEulerAnglesHint.y
      value: 0
      objectReference: {fileID: 0}
    - target: {fileID: 3695142497767419589, guid: 9315cf23c60921949a62e948236a9d8b,
        type: 3}
      propertyPath: m_LocalEulerAnglesHint.z
      value: -5
      objectReference: {fileID: 0}
    m_RemovedComponents: []
  m_SourcePrefab: {fileID: 100100000, guid: 9315cf23c60921949a62e948236a9d8b, type: 3}
--- !u!4 &7244779910998096791 stripped
Transform:
  m_CorrespondingSourceObject: {fileID: 3695142497767419589, guid: 9315cf23c60921949a62e948236a9d8b,
    type: 3}
  m_PrefabInstance: {fileID: 6326827915779315026}
  m_PrefabAsset: {fileID: 0}
--- !u!1001 &6326827915988012932
PrefabInstance:
  m_ObjectHideFlags: 0
  serializedVersion: 2
  m_Modification:
    m_TransformParent: {fileID: 6326827914815625444}
    m_Modifications:
    - target: {fileID: 5926211689818271949, guid: 8365c0d00ca766d4791adefd36af1b63,
        type: 3}
      propertyPath: m_Name
      value: SwingingRope1
      objectReference: {fileID: 0}
    - target: {fileID: 4072461675099208326, guid: 8365c0d00ca766d4791adefd36af1b63,
        type: 3}
      propertyPath: m_LocalPosition.x
      value: 7
      objectReference: {fileID: 0}
    - target: {fileID: 4072461675099208326, guid: 8365c0d00ca766d4791adefd36af1b63,
        type: 3}
      propertyPath: m_LocalPosition.y
      value: 4
      objectReference: {fileID: 0}
    - target: {fileID: 4072461675099208326, guid: 8365c0d00ca766d4791adefd36af1b63,
        type: 3}
      propertyPath: m_LocalPosition.z
      value: 0
      objectReference: {fileID: 0}
    - target: {fileID: 4072461675099208326, guid: 8365c0d00ca766d4791adefd36af1b63,
        type: 3}
      propertyPath: m_LocalRotation.x
      value: 0
      objectReference: {fileID: 0}
    - target: {fileID: 4072461675099208326, guid: 8365c0d00ca766d4791adefd36af1b63,
        type: 3}
      propertyPath: m_LocalRotation.y
      value: 0
      objectReference: {fileID: 0}
    - target: {fileID: 4072461675099208326, guid: 8365c0d00ca766d4791adefd36af1b63,
        type: 3}
      propertyPath: m_LocalRotation.z
      value: 0
      objectReference: {fileID: 0}
    - target: {fileID: 4072461675099208326, guid: 8365c0d00ca766d4791adefd36af1b63,
        type: 3}
      propertyPath: m_LocalRotation.w
      value: 1
      objectReference: {fileID: 0}
    - target: {fileID: 4072461675099208326, guid: 8365c0d00ca766d4791adefd36af1b63,
        type: 3}
      propertyPath: m_RootOrder
      value: 0
      objectReference: {fileID: 0}
    - target: {fileID: 4072461675099208326, guid: 8365c0d00ca766d4791adefd36af1b63,
        type: 3}
      propertyPath: m_LocalEulerAnglesHint.x
      value: 0
      objectReference: {fileID: 0}
    - target: {fileID: 4072461675099208326, guid: 8365c0d00ca766d4791adefd36af1b63,
        type: 3}
      propertyPath: m_LocalEulerAnglesHint.y
      value: 0.37500003
      objectReference: {fileID: 0}
    - target: {fileID: 4072461675099208326, guid: 8365c0d00ca766d4791adefd36af1b63,
        type: 3}
      propertyPath: m_LocalEulerAnglesHint.z
      value: 0
      objectReference: {fileID: 0}
    - target: {fileID: 5870330288469880431, guid: 8365c0d00ca766d4791adefd36af1b63,
        type: 3}
      propertyPath: m_ConnectedAnchor.y
      value: 8.025
      objectReference: {fileID: 0}
    - target: {fileID: 5870330288469880431, guid: 8365c0d00ca766d4791adefd36af1b63,
        type: 3}
      propertyPath: m_ConnectedAnchor.x
      value: 7
      objectReference: {fileID: 0}
    m_RemovedComponents: []
  m_SourcePrefab: {fileID: 100100000, guid: 8365c0d00ca766d4791adefd36af1b63, type: 3}
--- !u!4 &8018978161986614530 stripped
Transform:
  m_CorrespondingSourceObject: {fileID: 4072461675099208326, guid: 8365c0d00ca766d4791adefd36af1b63,
    type: 3}
  m_PrefabInstance: {fileID: 6326827915988012932}
  m_PrefabAsset: {fileID: 0}
--- !u!1001 &6326827916059615678
PrefabInstance:
  m_ObjectHideFlags: 0
  serializedVersion: 2
  m_Modification:
    m_TransformParent: {fileID: 6326827915464471900}
    m_Modifications:
    - target: {fileID: 8204037923189159746, guid: 0d17467828531a7418b1b19e2e1b60e3,
        type: 3}
      propertyPath: m_Name
      value: DashArrow
      objectReference: {fileID: 0}
    - target: {fileID: 8204037923189159807, guid: 0d17467828531a7418b1b19e2e1b60e3,
        type: 3}
      propertyPath: m_LocalPosition.x
      value: 64.24
      objectReference: {fileID: 0}
    - target: {fileID: 8204037923189159807, guid: 0d17467828531a7418b1b19e2e1b60e3,
        type: 3}
      propertyPath: m_LocalPosition.y
      value: 5.28
      objectReference: {fileID: 0}
    - target: {fileID: 8204037923189159807, guid: 0d17467828531a7418b1b19e2e1b60e3,
        type: 3}
      propertyPath: m_LocalPosition.z
      value: 0
      objectReference: {fileID: 0}
    - target: {fileID: 8204037923189159807, guid: 0d17467828531a7418b1b19e2e1b60e3,
        type: 3}
      propertyPath: m_LocalRotation.x
      value: 0
      objectReference: {fileID: 0}
    - target: {fileID: 8204037923189159807, guid: 0d17467828531a7418b1b19e2e1b60e3,
        type: 3}
      propertyPath: m_LocalRotation.y
      value: 0
      objectReference: {fileID: 0}
    - target: {fileID: 8204037923189159807, guid: 0d17467828531a7418b1b19e2e1b60e3,
        type: 3}
      propertyPath: m_LocalRotation.z
      value: 0
      objectReference: {fileID: 0}
    - target: {fileID: 8204037923189159807, guid: 0d17467828531a7418b1b19e2e1b60e3,
        type: 3}
      propertyPath: m_LocalRotation.w
      value: 1
      objectReference: {fileID: 0}
    - target: {fileID: 8204037923189159807, guid: 0d17467828531a7418b1b19e2e1b60e3,
        type: 3}
      propertyPath: m_RootOrder
      value: 0
      objectReference: {fileID: 0}
    - target: {fileID: 8204037923189159807, guid: 0d17467828531a7418b1b19e2e1b60e3,
        type: 3}
      propertyPath: m_LocalEulerAnglesHint.x
      value: 0
      objectReference: {fileID: 0}
    - target: {fileID: 8204037923189159807, guid: 0d17467828531a7418b1b19e2e1b60e3,
        type: 3}
      propertyPath: m_LocalEulerAnglesHint.y
      value: 0
      objectReference: {fileID: 0}
    - target: {fileID: 8204037923189159807, guid: 0d17467828531a7418b1b19e2e1b60e3,
        type: 3}
      propertyPath: m_LocalEulerAnglesHint.z
      value: 0
      objectReference: {fileID: 0}
    m_RemovedComponents: []
  m_SourcePrefab: {fileID: 100100000, guid: 0d17467828531a7418b1b19e2e1b60e3, type: 3}
--- !u!4 &2744927968966465217 stripped
Transform:
  m_CorrespondingSourceObject: {fileID: 8204037923189159807, guid: 0d17467828531a7418b1b19e2e1b60e3,
    type: 3}
  m_PrefabInstance: {fileID: 6326827916059615678}
  m_PrefabAsset: {fileID: 0}
