%YAML 1.1
%TAG !u! tag:unity3d.com,2011:
--- !u!1 &77331913395509495
GameObject:
  m_ObjectHideFlags: 0
  m_CorrespondingSourceObject: {fileID: 0}
  m_PrefabInstance: {fileID: 0}
  m_PrefabAsset: {fileID: 0}
  serializedVersion: 6
  m_Component:
  - component: {fileID: 8114532283963946224}
  m_Layer: 0
  m_Name: Collectables
  m_TagString: Untagged
  m_Icon: {fileID: 0}
  m_NavMeshLayer: 0
  m_StaticEditorFlags: 0
  m_IsActive: 1
--- !u!4 &8114532283963946224
Transform:
  m_ObjectHideFlags: 0
  m_CorrespondingSourceObject: {fileID: 0}
  m_PrefabInstance: {fileID: 0}
  m_PrefabAsset: {fileID: 0}
  m_GameObject: {fileID: 77331913395509495}
  m_LocalRotation: {x: 0, y: 0, z: 0, w: 1}
  m_LocalPosition: {x: 0, y: 0, z: 0}
  m_LocalScale: {x: 1, y: 1, z: 1}
  m_Children:
  - {fileID: 4849536701522812761}
  - {fileID: 5173002255171523186}
  m_Father: {fileID: 9222988011246834742}
  m_RootOrder: 3
  m_LocalEulerAnglesHint: {x: 0, y: 0, z: 0}
--- !u!1 &1273980224593027833
GameObject:
  m_ObjectHideFlags: 0
  m_CorrespondingSourceObject: {fileID: 0}
  m_PrefabInstance: {fileID: 0}
  m_PrefabAsset: {fileID: 0}
  serializedVersion: 6
  m_Component:
  - component: {fileID: 3411160798586731951}
  m_Layer: 0
  m_Name: Interactables
  m_TagString: Untagged
  m_Icon: {fileID: 0}
  m_NavMeshLayer: 0
  m_StaticEditorFlags: 0
  m_IsActive: 1
--- !u!4 &3411160798586731951
Transform:
  m_ObjectHideFlags: 0
  m_CorrespondingSourceObject: {fileID: 0}
  m_PrefabInstance: {fileID: 0}
  m_PrefabAsset: {fileID: 0}
  m_GameObject: {fileID: 1273980224593027833}
  m_LocalRotation: {x: -0, y: -0, z: -0, w: 1}
  m_LocalPosition: {x: 46.534492, y: 0.12823111, z: 0.9090237}
  m_LocalScale: {x: 1, y: 1, z: 1}
  m_Children:
  - {fileID: 9047239888312295825}
  m_Father: {fileID: 9222988011246834742}
  m_RootOrder: 4
  m_LocalEulerAnglesHint: {x: 0, y: 0, z: 0}
--- !u!1 &9222988011007023437
GameObject:
  m_ObjectHideFlags: 0
  m_CorrespondingSourceObject: {fileID: 0}
  m_PrefabInstance: {fileID: 0}
  m_PrefabAsset: {fileID: 0}
  serializedVersion: 6
  m_Component:
  - component: {fileID: 9222988011007023438}
  m_Layer: 0
  m_Name: Enemies
  m_TagString: Untagged
  m_Icon: {fileID: 0}
  m_NavMeshLayer: 0
  m_StaticEditorFlags: 0
  m_IsActive: 1
--- !u!4 &9222988011007023438
Transform:
  m_ObjectHideFlags: 0
  m_CorrespondingSourceObject: {fileID: 0}
  m_PrefabInstance: {fileID: 0}
  m_PrefabAsset: {fileID: 0}
  m_GameObject: {fileID: 9222988011007023437}
  m_LocalRotation: {x: 0, y: 0, z: 0, w: 1}
  m_LocalPosition: {x: 0, y: 0, z: 0}
  m_LocalScale: {x: 1, y: 1, z: 1}
  m_Children:
  - {fileID: 1073121946434606880}
  - {fileID: 1288693460122048868}
  - {fileID: 8802194805177459123}
  m_Father: {fileID: 9222988011246834742}
  m_RootOrder: 1
  m_LocalEulerAnglesHint: {x: 0, y: 0, z: 0}
--- !u!1 &9222988011246834739
GameObject:
  m_ObjectHideFlags: 0
  m_CorrespondingSourceObject: {fileID: 0}
  m_PrefabInstance: {fileID: 0}
  m_PrefabAsset: {fileID: 0}
  serializedVersion: 6
  m_Component:
  - component: {fileID: 9222988011246834742}
  - component: {fileID: 9222988011246834741}
  - component: {fileID: 5196819800905685421}
  - component: {fileID: 4450749761912489591}
  m_Layer: 0
  m_Name: S3
  m_TagString: Untagged
  m_Icon: {fileID: 0}
  m_NavMeshLayer: 0
  m_StaticEditorFlags: 0
  m_IsActive: 1
--- !u!4 &9222988011246834742
Transform:
  m_ObjectHideFlags: 0
  m_CorrespondingSourceObject: {fileID: 0}
  m_PrefabInstance: {fileID: 0}
  m_PrefabAsset: {fileID: 0}
  m_GameObject: {fileID: 9222988011246834739}
  m_LocalRotation: {x: 0, y: 0, z: 0, w: 1}
  m_LocalPosition: {x: 0, y: 0, z: 0}
  m_LocalScale: {x: 1, y: 1, z: 1}
  m_Children:
  - {fileID: 9222988011685406079}
  - {fileID: 9222988011007023438}
  - {fileID: 9222988011561740935}
  - {fileID: 8114532283963946224}
  - {fileID: 3411160798586731951}
  m_Father: {fileID: 0}
  m_RootOrder: 0
  m_LocalEulerAnglesHint: {x: 0, y: 0, z: 0}
--- !u!61 &9222988011246834741
BoxCollider2D:
  m_ObjectHideFlags: 0
  m_CorrespondingSourceObject: {fileID: 0}
  m_PrefabInstance: {fileID: 0}
  m_PrefabAsset: {fileID: 0}
  m_GameObject: {fileID: 9222988011246834739}
  m_Enabled: 1
  m_Density: 1
  m_Material: {fileID: 0}
  m_IsTrigger: 1
  m_UsedByEffector: 0
  m_UsedByComposite: 0
  m_Offset: {x: 100, y: 0}
  m_SpriteTilingProperty:
    border: {x: 0, y: 0, z: 0, w: 0}
    pivot: {x: 0, y: 0}
    oldSize: {x: 0, y: 0}
    newSize: {x: 0, y: 0}
    adaptiveTilingThreshold: 0
    drawMode: 0
    adaptiveTiling: 0
  m_AutoTiling: 0
  serializedVersion: 2
  m_Size: {x: 5, y: 35}
  m_EdgeRadius: 0
--- !u!114 &5196819800905685421
MonoBehaviour:
  m_ObjectHideFlags: 0
  m_CorrespondingSourceObject: {fileID: 0}
  m_PrefabInstance: {fileID: 0}
  m_PrefabAsset: {fileID: 0}
  m_GameObject: {fileID: 9222988011246834739}
  m_Enabled: 1
  m_EditorHideFlags: 0
  m_Script: {fileID: 11500000, guid: 71c77a3d5e19ae24288ce9aed7f20c73, type: 3}
  m_Name: 
  m_EditorClassIdentifier: 
--- !u!114 &4450749761912489591
MonoBehaviour:
  m_ObjectHideFlags: 0
  m_CorrespondingSourceObject: {fileID: 0}
  m_PrefabInstance: {fileID: 0}
  m_PrefabAsset: {fileID: 0}
  m_GameObject: {fileID: 9222988011246834739}
  m_Enabled: 1
  m_EditorHideFlags: 0
  m_Script: {fileID: 11500000, guid: 9f40e6ccdeaa361438d6d974368e8dba, type: 3}
  m_Name: 
  m_EditorClassIdentifier: 
--- !u!1 &9222988011561740934
GameObject:
  m_ObjectHideFlags: 0
  m_CorrespondingSourceObject: {fileID: 0}
  m_PrefabInstance: {fileID: 0}
  m_PrefabAsset: {fileID: 0}
  serializedVersion: 6
  m_Component:
  - component: {fileID: 9222988011561740935}
  m_Layer: 0
  m_Name: Strings
  m_TagString: Untagged
  m_Icon: {fileID: 0}
  m_NavMeshLayer: 0
  m_StaticEditorFlags: 0
  m_IsActive: 1
--- !u!4 &9222988011561740935
Transform:
  m_ObjectHideFlags: 0
  m_CorrespondingSourceObject: {fileID: 0}
  m_PrefabInstance: {fileID: 0}
  m_PrefabAsset: {fileID: 0}
  m_GameObject: {fileID: 9222988011561740934}
  m_LocalRotation: {x: 0, y: 0, z: 0, w: 1}
  m_LocalPosition: {x: 0, y: 0, z: 0}
  m_LocalScale: {x: 1, y: 1, z: 1}
  m_Children:
  - {fileID: 298014670065742200}
  - {fileID: 5150685215875322755}
  - {fileID: 5150685217441490440}
  - {fileID: 5150685217688526116}
  - {fileID: 5150685215797908696}
  - {fileID: 549135318614585368}
  - {fileID: 7016994868219906768}
  m_Father: {fileID: 9222988011246834742}
  m_RootOrder: 2
  m_LocalEulerAnglesHint: {x: 0, y: 0, z: 0}
--- !u!1 &9222988011685406078
GameObject:
  m_ObjectHideFlags: 0
  m_CorrespondingSourceObject: {fileID: 0}
  m_PrefabInstance: {fileID: 0}
  m_PrefabAsset: {fileID: 0}
  serializedVersion: 6
  m_Component:
  - component: {fileID: 9222988011685406079}
  m_Layer: 0
  m_Name: Platforms
  m_TagString: Untagged
  m_Icon: {fileID: 0}
  m_NavMeshLayer: 0
  m_StaticEditorFlags: 0
  m_IsActive: 1
--- !u!4 &9222988011685406079
Transform:
  m_ObjectHideFlags: 0
  m_CorrespondingSourceObject: {fileID: 0}
  m_PrefabInstance: {fileID: 0}
  m_PrefabAsset: {fileID: 0}
  m_GameObject: {fileID: 9222988011685406078}
  m_LocalRotation: {x: 0, y: 0, z: 0, w: 1}
  m_LocalPosition: {x: 0, y: 0, z: 0}
  m_LocalScale: {x: 1, y: 1, z: 1}
  m_Children:
  - {fileID: 7000581647246513284}
  - {fileID: 5528566829533366899}
  - {fileID: 2952738253319209591}
  - {fileID: 6424253982082015915}
  m_Father: {fileID: 9222988011246834742}
  m_RootOrder: 0
  m_LocalEulerAnglesHint: {x: 0, y: 0, z: 0}
--- !u!1001 &549943737299098097
PrefabInstance:
  m_ObjectHideFlags: 0
  serializedVersion: 2
  m_Modification:
    m_TransformParent: {fileID: 9222988011007023438}
    m_Modifications:
    - target: {fileID: 1604285551758295176, guid: b5373c3348eca2046a10b9f6a3c3a5ec,
        type: 3}
      propertyPath: m_Name
      value: JumpEnemy2
      objectReference: {fileID: 0}
    - target: {fileID: 1604285551758295189, guid: b5373c3348eca2046a10b9f6a3c3a5ec,
        type: 3}
      propertyPath: m_LocalPosition.x
      value: 31.47
      objectReference: {fileID: 0}
    - target: {fileID: 1604285551758295189, guid: b5373c3348eca2046a10b9f6a3c3a5ec,
        type: 3}
      propertyPath: m_LocalPosition.y
      value: 0.76
      objectReference: {fileID: 0}
    - target: {fileID: 1604285551758295189, guid: b5373c3348eca2046a10b9f6a3c3a5ec,
        type: 3}
      propertyPath: m_LocalPosition.z
      value: 47.25
      objectReference: {fileID: 0}
    - target: {fileID: 1604285551758295189, guid: b5373c3348eca2046a10b9f6a3c3a5ec,
        type: 3}
      propertyPath: m_LocalRotation.x
      value: -0
      objectReference: {fileID: 0}
    - target: {fileID: 1604285551758295189, guid: b5373c3348eca2046a10b9f6a3c3a5ec,
        type: 3}
      propertyPath: m_LocalRotation.y
      value: -0
      objectReference: {fileID: 0}
    - target: {fileID: 1604285551758295189, guid: b5373c3348eca2046a10b9f6a3c3a5ec,
        type: 3}
      propertyPath: m_LocalRotation.z
      value: -0
      objectReference: {fileID: 0}
    - target: {fileID: 1604285551758295189, guid: b5373c3348eca2046a10b9f6a3c3a5ec,
        type: 3}
      propertyPath: m_LocalRotation.w
      value: 1
      objectReference: {fileID: 0}
    - target: {fileID: 1604285551758295189, guid: b5373c3348eca2046a10b9f6a3c3a5ec,
        type: 3}
      propertyPath: m_RootOrder
      value: 1
      objectReference: {fileID: 0}
    - target: {fileID: 1604285551758295189, guid: b5373c3348eca2046a10b9f6a3c3a5ec,
        type: 3}
      propertyPath: m_LocalEulerAnglesHint.x
      value: 0
      objectReference: {fileID: 0}
    - target: {fileID: 1604285551758295189, guid: b5373c3348eca2046a10b9f6a3c3a5ec,
        type: 3}
      propertyPath: m_LocalEulerAnglesHint.y
      value: 0
      objectReference: {fileID: 0}
    - target: {fileID: 1604285551758295189, guid: b5373c3348eca2046a10b9f6a3c3a5ec,
        type: 3}
      propertyPath: m_LocalEulerAnglesHint.z
      value: 0
      objectReference: {fileID: 0}
    - target: {fileID: 1604285551758295189, guid: b5373c3348eca2046a10b9f6a3c3a5ec,
        type: 3}
      propertyPath: m_LocalScale.x
      value: 0.5
      objectReference: {fileID: 0}
    - target: {fileID: 1604285551758295189, guid: b5373c3348eca2046a10b9f6a3c3a5ec,
        type: 3}
      propertyPath: m_LocalScale.y
      value: 0.5
      objectReference: {fileID: 0}
    - target: {fileID: 1604285551758295189, guid: b5373c3348eca2046a10b9f6a3c3a5ec,
        type: 3}
      propertyPath: m_LocalScale.z
      value: 0.5
      objectReference: {fileID: 0}
    m_RemovedComponents: []
  m_SourcePrefab: {fileID: 100100000, guid: b5373c3348eca2046a10b9f6a3c3a5ec, type: 3}
--- !u!4 &1288693460122048868 stripped
Transform:
  m_CorrespondingSourceObject: {fileID: 1604285551758295189, guid: b5373c3348eca2046a10b9f6a3c3a5ec,
    type: 3}
  m_PrefabInstance: {fileID: 549943737299098097}
  m_PrefabAsset: {fileID: 0}
--- !u!1001 &1776651963118737333
PrefabInstance:
  m_ObjectHideFlags: 0
  serializedVersion: 2
  m_Modification:
    m_TransformParent: {fileID: 9222988011007023438}
    m_Modifications:
    - target: {fileID: 1604285551758295176, guid: b5373c3348eca2046a10b9f6a3c3a5ec,
        type: 3}
      propertyPath: m_Name
      value: JumpEnemy1
      objectReference: {fileID: 0}
    - target: {fileID: 1604285551758295189, guid: b5373c3348eca2046a10b9f6a3c3a5ec,
        type: 3}
      propertyPath: m_LocalPosition.x
      value: 26.94
      objectReference: {fileID: 0}
    - target: {fileID: 1604285551758295189, guid: b5373c3348eca2046a10b9f6a3c3a5ec,
        type: 3}
      propertyPath: m_LocalPosition.y
      value: 0.76
      objectReference: {fileID: 0}
    - target: {fileID: 1604285551758295189, guid: b5373c3348eca2046a10b9f6a3c3a5ec,
        type: 3}
      propertyPath: m_LocalPosition.z
      value: 47.25
      objectReference: {fileID: 0}
    - target: {fileID: 1604285551758295189, guid: b5373c3348eca2046a10b9f6a3c3a5ec,
        type: 3}
      propertyPath: m_LocalRotation.x
      value: -0
      objectReference: {fileID: 0}
    - target: {fileID: 1604285551758295189, guid: b5373c3348eca2046a10b9f6a3c3a5ec,
        type: 3}
      propertyPath: m_LocalRotation.y
      value: -0
      objectReference: {fileID: 0}
    - target: {fileID: 1604285551758295189, guid: b5373c3348eca2046a10b9f6a3c3a5ec,
        type: 3}
      propertyPath: m_LocalRotation.z
      value: -0
      objectReference: {fileID: 0}
    - target: {fileID: 1604285551758295189, guid: b5373c3348eca2046a10b9f6a3c3a5ec,
        type: 3}
      propertyPath: m_LocalRotation.w
      value: 1
      objectReference: {fileID: 0}
    - target: {fileID: 1604285551758295189, guid: b5373c3348eca2046a10b9f6a3c3a5ec,
        type: 3}
      propertyPath: m_RootOrder
      value: 0
      objectReference: {fileID: 0}
    - target: {fileID: 1604285551758295189, guid: b5373c3348eca2046a10b9f6a3c3a5ec,
        type: 3}
      propertyPath: m_LocalEulerAnglesHint.x
      value: 0
      objectReference: {fileID: 0}
    - target: {fileID: 1604285551758295189, guid: b5373c3348eca2046a10b9f6a3c3a5ec,
        type: 3}
      propertyPath: m_LocalEulerAnglesHint.y
      value: 0
      objectReference: {fileID: 0}
    - target: {fileID: 1604285551758295189, guid: b5373c3348eca2046a10b9f6a3c3a5ec,
        type: 3}
      propertyPath: m_LocalEulerAnglesHint.z
      value: 0
      objectReference: {fileID: 0}
    - target: {fileID: 1604285551758295189, guid: b5373c3348eca2046a10b9f6a3c3a5ec,
        type: 3}
      propertyPath: m_LocalScale.x
      value: 0.5
      objectReference: {fileID: 0}
    - target: {fileID: 1604285551758295189, guid: b5373c3348eca2046a10b9f6a3c3a5ec,
        type: 3}
      propertyPath: m_LocalScale.y
      value: 0.5
      objectReference: {fileID: 0}
    - target: {fileID: 1604285551758295189, guid: b5373c3348eca2046a10b9f6a3c3a5ec,
        type: 3}
      propertyPath: m_LocalScale.z
      value: 0.5
      objectReference: {fileID: 0}
    m_RemovedComponents: []
  m_SourcePrefab: {fileID: 100100000, guid: b5373c3348eca2046a10b9f6a3c3a5ec, type: 3}
--- !u!4 &1073121946434606880 stripped
Transform:
  m_CorrespondingSourceObject: {fileID: 1604285551758295189, guid: b5373c3348eca2046a10b9f6a3c3a5ec,
    type: 3}
  m_PrefabInstance: {fileID: 1776651963118737333}
  m_PrefabAsset: {fileID: 0}
--- !u!1001 &4370330650712050686
PrefabInstance:
  m_ObjectHideFlags: 0
  serializedVersion: 2
  m_Modification:
    m_TransformParent: {fileID: 9222988011561740935}
    m_Modifications:
    - target: {fileID: 5926211689818271949, guid: 8365c0d00ca766d4791adefd36af1b63,
        type: 3}
      propertyPath: m_Name
      value: SwingingRope1
      objectReference: {fileID: 0}
    - target: {fileID: 4072461675099208326, guid: 8365c0d00ca766d4791adefd36af1b63,
        type: 3}
      propertyPath: m_LocalPosition.x
      value: 7
      objectReference: {fileID: 0}
    - target: {fileID: 4072461675099208326, guid: 8365c0d00ca766d4791adefd36af1b63,
        type: 3}
      propertyPath: m_LocalPosition.y
      value: 4
      objectReference: {fileID: 0}
    - target: {fileID: 4072461675099208326, guid: 8365c0d00ca766d4791adefd36af1b63,
        type: 3}
      propertyPath: m_LocalPosition.z
      value: 0
      objectReference: {fileID: 0}
    - target: {fileID: 4072461675099208326, guid: 8365c0d00ca766d4791adefd36af1b63,
        type: 3}
      propertyPath: m_LocalRotation.x
      value: 0
      objectReference: {fileID: 0}
    - target: {fileID: 4072461675099208326, guid: 8365c0d00ca766d4791adefd36af1b63,
        type: 3}
      propertyPath: m_LocalRotation.y
      value: 0
      objectReference: {fileID: 0}
    - target: {fileID: 4072461675099208326, guid: 8365c0d00ca766d4791adefd36af1b63,
        type: 3}
      propertyPath: m_LocalRotation.z
      value: 0
      objectReference: {fileID: 0}
    - target: {fileID: 4072461675099208326, guid: 8365c0d00ca766d4791adefd36af1b63,
        type: 3}
      propertyPath: m_LocalRotation.w
      value: 1
      objectReference: {fileID: 0}
    - target: {fileID: 4072461675099208326, guid: 8365c0d00ca766d4791adefd36af1b63,
        type: 3}
      propertyPath: m_RootOrder
      value: 0
      objectReference: {fileID: 0}
    - target: {fileID: 4072461675099208326, guid: 8365c0d00ca766d4791adefd36af1b63,
        type: 3}
      propertyPath: m_LocalEulerAnglesHint.x
      value: 0
      objectReference: {fileID: 0}
    - target: {fileID: 4072461675099208326, guid: 8365c0d00ca766d4791adefd36af1b63,
        type: 3}
      propertyPath: m_LocalEulerAnglesHint.y
      value: 0.37500003
      objectReference: {fileID: 0}
    - target: {fileID: 4072461675099208326, guid: 8365c0d00ca766d4791adefd36af1b63,
        type: 3}
      propertyPath: m_LocalEulerAnglesHint.z
      value: 0
      objectReference: {fileID: 0}
    - target: {fileID: 5870330288469880431, guid: 8365c0d00ca766d4791adefd36af1b63,
        type: 3}
      propertyPath: m_ConnectedAnchor.x
      value: 7
      objectReference: {fileID: 0}
    - target: {fileID: 5870330288469880431, guid: 8365c0d00ca766d4791adefd36af1b63,
        type: 3}
      propertyPath: m_ConnectedAnchor.y
      value: 8.025
      objectReference: {fileID: 0}
    m_RemovedComponents: []
  m_SourcePrefab: {fileID: 100100000, guid: 8365c0d00ca766d4791adefd36af1b63, type: 3}
--- !u!4 &298014670065742200 stripped
Transform:
  m_CorrespondingSourceObject: {fileID: 4072461675099208326, guid: 8365c0d00ca766d4791adefd36af1b63,
    type: 3}
  m_PrefabInstance: {fileID: 4370330650712050686}
  m_PrefabAsset: {fileID: 0}
--- !u!1001 &4842463576367207365
PrefabInstance:
  m_ObjectHideFlags: 0
  serializedVersion: 2
  m_Modification:
    m_TransformParent: {fileID: 9222988011685406079}
    m_Modifications:
    - target: {fileID: 1879243505633702252, guid: 033f3f7d0cd8c2f4ebe62f406efe76b9,
        type: 3}
      propertyPath: m_Name
      value: SmallPlatform_Green
      objectReference: {fileID: 0}
    - target: {fileID: 1879243505633702254, guid: 033f3f7d0cd8c2f4ebe62f406efe76b9,
        type: 3}
      propertyPath: m_LocalPosition.x
      value: 102.35
      objectReference: {fileID: 0}
    - target: {fileID: 1879243505633702254, guid: 033f3f7d0cd8c2f4ebe62f406efe76b9,
        type: 3}
      propertyPath: m_LocalPosition.y
      value: -0.8
      objectReference: {fileID: 0}
    - target: {fileID: 1879243505633702254, guid: 033f3f7d0cd8c2f4ebe62f406efe76b9,
        type: 3}
      propertyPath: m_LocalPosition.z
      value: 0
      objectReference: {fileID: 0}
    - target: {fileID: 1879243505633702254, guid: 033f3f7d0cd8c2f4ebe62f406efe76b9,
        type: 3}
      propertyPath: m_LocalRotation.x
      value: -0
      objectReference: {fileID: 0}
    - target: {fileID: 1879243505633702254, guid: 033f3f7d0cd8c2f4ebe62f406efe76b9,
        type: 3}
      propertyPath: m_LocalRotation.y
      value: -0
      objectReference: {fileID: 0}
    - target: {fileID: 1879243505633702254, guid: 033f3f7d0cd8c2f4ebe62f406efe76b9,
        type: 3}
      propertyPath: m_LocalRotation.z
      value: 0.69465834
      objectReference: {fileID: 0}
    - target: {fileID: 1879243505633702254, guid: 033f3f7d0cd8c2f4ebe62f406efe76b9,
        type: 3}
      propertyPath: m_LocalRotation.w
      value: 0.71933985
      objectReference: {fileID: 0}
    - target: {fileID: 1879243505633702254, guid: 033f3f7d0cd8c2f4ebe62f406efe76b9,
        type: 3}
      propertyPath: m_RootOrder
      value: 3
      objectReference: {fileID: 0}
    - target: {fileID: 1879243505633702254, guid: 033f3f7d0cd8c2f4ebe62f406efe76b9,
        type: 3}
      propertyPath: m_LocalEulerAnglesHint.x
      value: 0
      objectReference: {fileID: 0}
    - target: {fileID: 1879243505633702254, guid: 033f3f7d0cd8c2f4ebe62f406efe76b9,
        type: 3}
      propertyPath: m_LocalEulerAnglesHint.y
      value: 0
      objectReference: {fileID: 0}
    - target: {fileID: 1879243505633702254, guid: 033f3f7d0cd8c2f4ebe62f406efe76b9,
        type: 3}
      propertyPath: m_LocalEulerAnglesHint.z
      value: -4
      objectReference: {fileID: 0}
    m_RemovedComponents: []
  m_SourcePrefab: {fileID: 100100000, guid: 033f3f7d0cd8c2f4ebe62f406efe76b9, type: 3}
--- !u!4 &6424253982082015915 stripped
Transform:
  m_CorrespondingSourceObject: {fileID: 1879243505633702254, guid: 033f3f7d0cd8c2f4ebe62f406efe76b9,
    type: 3}
  m_PrefabInstance: {fileID: 4842463576367207365}
  m_PrefabAsset: {fileID: 0}
--- !u!1001 &5625944497025825155
PrefabInstance:
  m_ObjectHideFlags: 0
  serializedVersion: 2
  m_Modification:
    m_TransformParent: {fileID: 8114532283963946224}
    m_Modifications:
    - target: {fileID: 709717794207476722, guid: 5fc3226158c42124d9cd6f16d4fb6f5a,
        type: 3}
      propertyPath: m_Name
      value: Health
      objectReference: {fileID: 0}
    - target: {fileID: 709717794207476721, guid: 5fc3226158c42124d9cd6f16d4fb6f5a,
        type: 3}
      propertyPath: m_LocalPosition.x
      value: 101.950005
      objectReference: {fileID: 0}
    - target: {fileID: 709717794207476721, guid: 5fc3226158c42124d9cd6f16d4fb6f5a,
        type: 3}
      propertyPath: m_LocalPosition.y
      value: 1.8
      objectReference: {fileID: 0}
    - target: {fileID: 709717794207476721, guid: 5fc3226158c42124d9cd6f16d4fb6f5a,
        type: 3}
      propertyPath: m_LocalPosition.z
      value: 0
      objectReference: {fileID: 0}
    - target: {fileID: 709717794207476721, guid: 5fc3226158c42124d9cd6f16d4fb6f5a,
        type: 3}
      propertyPath: m_LocalRotation.x
      value: -0
      objectReference: {fileID: 0}
    - target: {fileID: 709717794207476721, guid: 5fc3226158c42124d9cd6f16d4fb6f5a,
        type: 3}
      propertyPath: m_LocalRotation.y
      value: -0
      objectReference: {fileID: 0}
    - target: {fileID: 709717794207476721, guid: 5fc3226158c42124d9cd6f16d4fb6f5a,
        type: 3}
      propertyPath: m_LocalRotation.z
      value: -0
      objectReference: {fileID: 0}
    - target: {fileID: 709717794207476721, guid: 5fc3226158c42124d9cd6f16d4fb6f5a,
        type: 3}
      propertyPath: m_LocalRotation.w
      value: 1
      objectReference: {fileID: 0}
    - target: {fileID: 709717794207476721, guid: 5fc3226158c42124d9cd6f16d4fb6f5a,
        type: 3}
      propertyPath: m_RootOrder
      value: 1
      objectReference: {fileID: 0}
    - target: {fileID: 709717794207476721, guid: 5fc3226158c42124d9cd6f16d4fb6f5a,
        type: 3}
      propertyPath: m_LocalEulerAnglesHint.x
      value: 0
      objectReference: {fileID: 0}
    - target: {fileID: 709717794207476721, guid: 5fc3226158c42124d9cd6f16d4fb6f5a,
        type: 3}
      propertyPath: m_LocalEulerAnglesHint.y
      value: 0
      objectReference: {fileID: 0}
    - target: {fileID: 709717794207476721, guid: 5fc3226158c42124d9cd6f16d4fb6f5a,
        type: 3}
      propertyPath: m_LocalEulerAnglesHint.z
      value: 0
      objectReference: {fileID: 0}
    m_RemovedComponents: []
  m_SourcePrefab: {fileID: 100100000, guid: 5fc3226158c42124d9cd6f16d4fb6f5a, type: 3}
--- !u!4 &5173002255171523186 stripped
Transform:
  m_CorrespondingSourceObject: {fileID: 709717794207476721, guid: 5fc3226158c42124d9cd6f16d4fb6f5a,
    type: 3}
  m_PrefabInstance: {fileID: 5625944497025825155}
  m_PrefabAsset: {fileID: 0}
--- !u!1001 &6477607788558331990
PrefabInstance:
  m_ObjectHideFlags: 0
  serializedVersion: 2
  m_Modification:
    m_TransformParent: {fileID: 9222988011561740935}
    m_Modifications:
    - target: {fileID: 5926211689818271949, guid: 8365c0d00ca766d4791adefd36af1b63,
        type: 3}
      propertyPath: m_Name
      value: SwingingRope6
      objectReference: {fileID: 0}
    - target: {fileID: 4072461675099208326, guid: 8365c0d00ca766d4791adefd36af1b63,
        type: 3}
      propertyPath: m_LocalPosition.x
      value: 110
      objectReference: {fileID: 0}
    - target: {fileID: 4072461675099208326, guid: 8365c0d00ca766d4791adefd36af1b63,
        type: 3}
      propertyPath: m_LocalPosition.y
      value: 4
      objectReference: {fileID: 0}
    - target: {fileID: 4072461675099208326, guid: 8365c0d00ca766d4791adefd36af1b63,
        type: 3}
      propertyPath: m_LocalPosition.z
      value: 0
      objectReference: {fileID: 0}
    - target: {fileID: 4072461675099208326, guid: 8365c0d00ca766d4791adefd36af1b63,
        type: 3}
      propertyPath: m_LocalRotation.x
      value: 0
      objectReference: {fileID: 0}
    - target: {fileID: 4072461675099208326, guid: 8365c0d00ca766d4791adefd36af1b63,
        type: 3}
      propertyPath: m_LocalRotation.y
      value: 0
      objectReference: {fileID: 0}
    - target: {fileID: 4072461675099208326, guid: 8365c0d00ca766d4791adefd36af1b63,
        type: 3}
      propertyPath: m_LocalRotation.z
      value: 0
      objectReference: {fileID: 0}
    - target: {fileID: 4072461675099208326, guid: 8365c0d00ca766d4791adefd36af1b63,
        type: 3}
      propertyPath: m_LocalRotation.w
      value: 1
      objectReference: {fileID: 0}
    - target: {fileID: 4072461675099208326, guid: 8365c0d00ca766d4791adefd36af1b63,
        type: 3}
      propertyPath: m_RootOrder
      value: 6
      objectReference: {fileID: 0}
    - target: {fileID: 4072461675099208326, guid: 8365c0d00ca766d4791adefd36af1b63,
        type: 3}
      propertyPath: m_LocalEulerAnglesHint.x
      value: 0
      objectReference: {fileID: 0}
    - target: {fileID: 4072461675099208326, guid: 8365c0d00ca766d4791adefd36af1b63,
        type: 3}
      propertyPath: m_LocalEulerAnglesHint.y
      value: 0.37500003
      objectReference: {fileID: 0}
    - target: {fileID: 4072461675099208326, guid: 8365c0d00ca766d4791adefd36af1b63,
        type: 3}
      propertyPath: m_LocalEulerAnglesHint.z
      value: 0
      objectReference: {fileID: 0}
    - target: {fileID: 5870330288469880431, guid: 8365c0d00ca766d4791adefd36af1b63,
        type: 3}
      propertyPath: m_ConnectedAnchor.x
      value: 110
      objectReference: {fileID: 0}
    - target: {fileID: 5870330288469880431, guid: 8365c0d00ca766d4791adefd36af1b63,
        type: 3}
      propertyPath: m_ConnectedAnchor.y
      value: 8.025
      objectReference: {fileID: 0}
    m_RemovedComponents: []
  m_SourcePrefab: {fileID: 100100000, guid: 8365c0d00ca766d4791adefd36af1b63, type: 3}
--- !u!4 &7016994868219906768 stripped
Transform:
  m_CorrespondingSourceObject: {fileID: 4072461675099208326, guid: 8365c0d00ca766d4791adefd36af1b63,
    type: 3}
  m_PrefabInstance: {fileID: 6477607788558331990}
  m_PrefabAsset: {fileID: 0}
--- !u!1001 &8207058142540901899
PrefabInstance:
  m_ObjectHideFlags: 0
  serializedVersion: 2
  m_Modification:
    m_TransformParent: {fileID: 8114532283963946224}
    m_Modifications:
    - target: {fileID: 3650255503849435503, guid: 0dc35299e51a8ac49b075c253bfbde04,
        type: 3}
      propertyPath: m_Name
      value: Coin
      objectReference: {fileID: 0}
    - target: {fileID: 3650255503849435474, guid: 0dc35299e51a8ac49b075c253bfbde04,
        type: 3}
      propertyPath: m_LocalPosition.x
      value: 33.868378
      objectReference: {fileID: 0}
    - target: {fileID: 3650255503849435474, guid: 0dc35299e51a8ac49b075c253bfbde04,
        type: 3}
      propertyPath: m_LocalPosition.y
      value: 3.593787
      objectReference: {fileID: 0}
    - target: {fileID: 3650255503849435474, guid: 0dc35299e51a8ac49b075c253bfbde04,
        type: 3}
      propertyPath: m_LocalPosition.z
      value: 0
      objectReference: {fileID: 0}
    - target: {fileID: 3650255503849435474, guid: 0dc35299e51a8ac49b075c253bfbde04,
        type: 3}
      propertyPath: m_LocalRotation.x
      value: -0
      objectReference: {fileID: 0}
    - target: {fileID: 3650255503849435474, guid: 0dc35299e51a8ac49b075c253bfbde04,
        type: 3}
      propertyPath: m_LocalRotation.y
      value: -0
      objectReference: {fileID: 0}
    - target: {fileID: 3650255503849435474, guid: 0dc35299e51a8ac49b075c253bfbde04,
        type: 3}
      propertyPath: m_LocalRotation.z
      value: -0
      objectReference: {fileID: 0}
    - target: {fileID: 3650255503849435474, guid: 0dc35299e51a8ac49b075c253bfbde04,
        type: 3}
      propertyPath: m_LocalRotation.w
      value: 1
      objectReference: {fileID: 0}
    - target: {fileID: 3650255503849435474, guid: 0dc35299e51a8ac49b075c253bfbde04,
        type: 3}
      propertyPath: m_RootOrder
      value: 0
      objectReference: {fileID: 0}
    - target: {fileID: 3650255503849435474, guid: 0dc35299e51a8ac49b075c253bfbde04,
        type: 3}
      propertyPath: m_LocalEulerAnglesHint.x
      value: 0
      objectReference: {fileID: 0}
    - target: {fileID: 3650255503849435474, guid: 0dc35299e51a8ac49b075c253bfbde04,
        type: 3}
      propertyPath: m_LocalEulerAnglesHint.y
      value: 0
      objectReference: {fileID: 0}
    - target: {fileID: 3650255503849435474, guid: 0dc35299e51a8ac49b075c253bfbde04,
        type: 3}
      propertyPath: m_LocalEulerAnglesHint.z
      value: 0
      objectReference: {fileID: 0}
    m_RemovedComponents: []
  m_SourcePrefab: {fileID: 100100000, guid: 0dc35299e51a8ac49b075c253bfbde04, type: 3}
--- !u!4 &4849536701522812761 stripped
Transform:
  m_CorrespondingSourceObject: {fileID: 3650255503849435474, guid: 0dc35299e51a8ac49b075c253bfbde04,
    type: 3}
  m_PrefabInstance: {fileID: 8207058142540901899}
  m_PrefabAsset: {fileID: 0}
--- !u!1001 &8985201477757831134
PrefabInstance:
  m_ObjectHideFlags: 0
  serializedVersion: 2
  m_Modification:
    m_TransformParent: {fileID: 3411160798586731951}
    m_Modifications:
    - target: {fileID: 89959417453962866, guid: 660a0d369b268a04180c5e3752758480,
        type: 3}
      propertyPath: m_Name
      value: DashCrystal
      objectReference: {fileID: 0}
    - target: {fileID: 89959417453962831, guid: 660a0d369b268a04180c5e3752758480,
        type: 3}
      propertyPath: m_LocalPosition.x
      value: -17.13
      objectReference: {fileID: 0}
    - target: {fileID: 89959417453962831, guid: 660a0d369b268a04180c5e3752758480,
        type: 3}
      propertyPath: m_LocalPosition.y
      value: 3.63
      objectReference: {fileID: 0}
    - target: {fileID: 89959417453962831, guid: 660a0d369b268a04180c5e3752758480,
        type: 3}
      propertyPath: m_LocalPosition.z
      value: 0
      objectReference: {fileID: 0}
    - target: {fileID: 89959417453962831, guid: 660a0d369b268a04180c5e3752758480,
        type: 3}
      propertyPath: m_LocalRotation.x
      value: 0
      objectReference: {fileID: 0}
    - target: {fileID: 89959417453962831, guid: 660a0d369b268a04180c5e3752758480,
        type: 3}
      propertyPath: m_LocalRotation.y
      value: 0
      objectReference: {fileID: 0}
    - target: {fileID: 89959417453962831, guid: 660a0d369b268a04180c5e3752758480,
        type: 3}
      propertyPath: m_LocalRotation.z
      value: 0
      objectReference: {fileID: 0}
    - target: {fileID: 89959417453962831, guid: 660a0d369b268a04180c5e3752758480,
        type: 3}
      propertyPath: m_LocalRotation.w
      value: 1
      objectReference: {fileID: 0}
    - target: {fileID: 89959417453962831, guid: 660a0d369b268a04180c5e3752758480,
        type: 3}
      propertyPath: m_RootOrder
      value: 0
      objectReference: {fileID: 0}
    - target: {fileID: 89959417453962831, guid: 660a0d369b268a04180c5e3752758480,
        type: 3}
      propertyPath: m_LocalEulerAnglesHint.x
      value: 0
      objectReference: {fileID: 0}
    - target: {fileID: 89959417453962831, guid: 660a0d369b268a04180c5e3752758480,
        type: 3}
      propertyPath: m_LocalEulerAnglesHint.y
      value: 0
      objectReference: {fileID: 0}
    - target: {fileID: 89959417453962831, guid: 660a0d369b268a04180c5e3752758480,
        type: 3}
      propertyPath: m_LocalEulerAnglesHint.z
      value: 0
      objectReference: {fileID: 0}
    m_RemovedComponents: []
  m_SourcePrefab: {fileID: 100100000, guid: 660a0d369b268a04180c5e3752758480, type: 3}
--- !u!4 &9047239888312295825 stripped
Transform:
  m_CorrespondingSourceObject: {fileID: 89959417453962831, guid: 660a0d369b268a04180c5e3752758480,
    type: 3}
  m_PrefabInstance: {fileID: 8985201477757831134}
  m_PrefabAsset: {fileID: 0}
--- !u!1001 &9222988011006126341
PrefabInstance:
  m_ObjectHideFlags: 0
  serializedVersion: 2
  m_Modification:
    m_TransformParent: {fileID: 9222988011561740935}
    m_Modifications:
    - target: {fileID: 5926211689818271949, guid: 8365c0d00ca766d4791adefd36af1b63,
        type: 3}
      propertyPath: m_Name
      value: SwingingRope2
      objectReference: {fileID: 0}
    - target: {fileID: 4072461675099208326, guid: 8365c0d00ca766d4791adefd36af1b63,
        type: 3}
      propertyPath: m_LocalPosition.x
      value: 43.829998
      objectReference: {fileID: 0}
    - target: {fileID: 4072461675099208326, guid: 8365c0d00ca766d4791adefd36af1b63,
        type: 3}
      propertyPath: m_LocalPosition.y
      value: 4.9
      objectReference: {fileID: 0}
    - target: {fileID: 4072461675099208326, guid: 8365c0d00ca766d4791adefd36af1b63,
        type: 3}
      propertyPath: m_LocalPosition.z
      value: 0
      objectReference: {fileID: 0}
    - target: {fileID: 4072461675099208326, guid: 8365c0d00ca766d4791adefd36af1b63,
        type: 3}
      propertyPath: m_LocalRotation.x
      value: 0
      objectReference: {fileID: 0}
    - target: {fileID: 4072461675099208326, guid: 8365c0d00ca766d4791adefd36af1b63,
        type: 3}
      propertyPath: m_LocalRotation.y
      value: 0
      objectReference: {fileID: 0}
    - target: {fileID: 4072461675099208326, guid: 8365c0d00ca766d4791adefd36af1b63,
        type: 3}
      propertyPath: m_LocalRotation.z
      value: 0
      objectReference: {fileID: 0}
    - target: {fileID: 4072461675099208326, guid: 8365c0d00ca766d4791adefd36af1b63,
        type: 3}
      propertyPath: m_LocalRotation.w
      value: 1
      objectReference: {fileID: 0}
    - target: {fileID: 4072461675099208326, guid: 8365c0d00ca766d4791adefd36af1b63,
        type: 3}
      propertyPath: m_RootOrder
      value: 1
      objectReference: {fileID: 0}
    - target: {fileID: 4072461675099208326, guid: 8365c0d00ca766d4791adefd36af1b63,
        type: 3}
      propertyPath: m_LocalEulerAnglesHint.x
      value: 0
      objectReference: {fileID: 0}
    - target: {fileID: 4072461675099208326, guid: 8365c0d00ca766d4791adefd36af1b63,
        type: 3}
      propertyPath: m_LocalEulerAnglesHint.y
      value: 0.37500003
      objectReference: {fileID: 0}
    - target: {fileID: 4072461675099208326, guid: 8365c0d00ca766d4791adefd36af1b63,
        type: 3}
      propertyPath: m_LocalEulerAnglesHint.z
      value: 0
      objectReference: {fileID: 0}
    - target: {fileID: 5870330288469880431, guid: 8365c0d00ca766d4791adefd36af1b63,
        type: 3}
      propertyPath: m_ConnectedAnchor.x
      value: 43.829998
      objectReference: {fileID: 0}
    - target: {fileID: 5870330288469880431, guid: 8365c0d00ca766d4791adefd36af1b63,
        type: 3}
      propertyPath: m_ConnectedAnchor.y
      value: 8.925
      objectReference: {fileID: 0}
    m_RemovedComponents: []
  m_SourcePrefab: {fileID: 100100000, guid: 8365c0d00ca766d4791adefd36af1b63, type: 3}
--- !u!4 &5150685215875322755 stripped
Transform:
  m_CorrespondingSourceObject: {fileID: 4072461675099208326, guid: 8365c0d00ca766d4791adefd36af1b63,
    type: 3}
  m_PrefabInstance: {fileID: 9222988011006126341}
  m_PrefabAsset: {fileID: 0}
--- !u!1001 &9222988011105986097
PrefabInstance:
  m_ObjectHideFlags: 0
  serializedVersion: 2
  m_Modification:
    m_TransformParent: {fileID: 9222988011007023438}
    m_Modifications:
    - target: {fileID: 421384743394510751, guid: b7b1e9e0b74b16a478cafeb2917f26f0,
        type: 3}
      propertyPath: m_Name
      value: DashEnemy
      objectReference: {fileID: 0}
    - target: {fileID: 421384743394510722, guid: b7b1e9e0b74b16a478cafeb2917f26f0,
        type: 3}
      propertyPath: m_LocalPosition.x
      value: 37.269997
      objectReference: {fileID: 0}
    - target: {fileID: 421384743394510722, guid: b7b1e9e0b74b16a478cafeb2917f26f0,
        type: 3}
      propertyPath: m_LocalPosition.y
      value: 3.4200006
      objectReference: {fileID: 0}
    - target: {fileID: 421384743394510722, guid: b7b1e9e0b74b16a478cafeb2917f26f0,
        type: 3}
      propertyPath: m_LocalPosition.z
      value: 47.25
      objectReference: {fileID: 0}
    - target: {fileID: 421384743394510722, guid: b7b1e9e0b74b16a478cafeb2917f26f0,
        type: 3}
      propertyPath: m_LocalRotation.x
      value: -0
      objectReference: {fileID: 0}
    - target: {fileID: 421384743394510722, guid: b7b1e9e0b74b16a478cafeb2917f26f0,
        type: 3}
      propertyPath: m_LocalRotation.y
      value: -0
      objectReference: {fileID: 0}
    - target: {fileID: 421384743394510722, guid: b7b1e9e0b74b16a478cafeb2917f26f0,
        type: 3}
      propertyPath: m_LocalRotation.z
      value: -0
      objectReference: {fileID: 0}
    - target: {fileID: 421384743394510722, guid: b7b1e9e0b74b16a478cafeb2917f26f0,
        type: 3}
      propertyPath: m_LocalRotation.w
      value: 1
      objectReference: {fileID: 0}
    - target: {fileID: 421384743394510722, guid: b7b1e9e0b74b16a478cafeb2917f26f0,
        type: 3}
      propertyPath: m_RootOrder
      value: 2
      objectReference: {fileID: 0}
    - target: {fileID: 421384743394510722, guid: b7b1e9e0b74b16a478cafeb2917f26f0,
        type: 3}
      propertyPath: m_LocalEulerAnglesHint.x
      value: 0
      objectReference: {fileID: 0}
    - target: {fileID: 421384743394510722, guid: b7b1e9e0b74b16a478cafeb2917f26f0,
        type: 3}
      propertyPath: m_LocalEulerAnglesHint.y
      value: 0
      objectReference: {fileID: 0}
    - target: {fileID: 421384743394510722, guid: b7b1e9e0b74b16a478cafeb2917f26f0,
        type: 3}
      propertyPath: m_LocalEulerAnglesHint.z
      value: 0
      objectReference: {fileID: 0}
    m_RemovedComponents: []
  m_SourcePrefab: {fileID: 100100000, guid: b7b1e9e0b74b16a478cafeb2917f26f0, type: 3}
--- !u!4 &8802194805177459123 stripped
Transform:
  m_CorrespondingSourceObject: {fileID: 421384743394510722, guid: b7b1e9e0b74b16a478cafeb2917f26f0,
    type: 3}
  m_PrefabInstance: {fileID: 9222988011105986097}
  m_PrefabAsset: {fileID: 0}
--- !u!1001 &9222988011221296888
PrefabInstance:
  m_ObjectHideFlags: 0
  serializedVersion: 2
  m_Modification:
    m_TransformParent: {fileID: 9222988011685406079}
    m_Modifications:
    - target: {fileID: 6270305318111323265, guid: 824d59a04096933449f64533c4a59f95,
        type: 3}
      propertyPath: m_Name
      value: MediumSpikedPlatform_Green
      objectReference: {fileID: 0}
    - target: {fileID: 6270305318111323279, guid: 824d59a04096933449f64533c4a59f95,
        type: 3}
      propertyPath: m_LocalPosition.x
      value: 70.95597
      objectReference: {fileID: 0}
    - target: {fileID: 6270305318111323279, guid: 824d59a04096933449f64533c4a59f95,
        type: 3}
      propertyPath: m_LocalPosition.y
      value: 4.763615
      objectReference: {fileID: 0}
    - target: {fileID: 6270305318111323279, guid: 824d59a04096933449f64533c4a59f95,
        type: 3}
      propertyPath: m_LocalPosition.z
      value: 47.25
      objectReference: {fileID: 0}
    - target: {fileID: 6270305318111323279, guid: 824d59a04096933449f64533c4a59f95,
        type: 3}
      propertyPath: m_LocalRotation.x
      value: -0
      objectReference: {fileID: 0}
    - target: {fileID: 6270305318111323279, guid: 824d59a04096933449f64533c4a59f95,
        type: 3}
      propertyPath: m_LocalRotation.y
      value: -0
      objectReference: {fileID: 0}
    - target: {fileID: 6270305318111323279, guid: 824d59a04096933449f64533c4a59f95,
        type: 3}
      propertyPath: m_LocalRotation.z
      value: 0.6883546
      objectReference: {fileID: 0}
    - target: {fileID: 6270305318111323279, guid: 824d59a04096933449f64533c4a59f95,
        type: 3}
      propertyPath: m_LocalRotation.w
      value: 0.72537434
      objectReference: {fileID: 0}
    - target: {fileID: 6270305318111323279, guid: 824d59a04096933449f64533c4a59f95,
        type: 3}
      propertyPath: m_RootOrder
      value: 2
      objectReference: {fileID: 0}
    - target: {fileID: 6270305318111323279, guid: 824d59a04096933449f64533c4a59f95,
        type: 3}
      propertyPath: m_LocalEulerAnglesHint.x
      value: 0
      objectReference: {fileID: 0}
    - target: {fileID: 6270305318111323279, guid: 824d59a04096933449f64533c4a59f95,
        type: 3}
      propertyPath: m_LocalEulerAnglesHint.y
      value: 0
      objectReference: {fileID: 0}
    - target: {fileID: 6270305318111323279, guid: 824d59a04096933449f64533c4a59f95,
        type: 3}
      propertyPath: m_LocalEulerAnglesHint.z
      value: 87
      objectReference: {fileID: 0}
    m_RemovedComponents: []
  m_SourcePrefab: {fileID: 100100000, guid: 824d59a04096933449f64533c4a59f95, type: 3}
--- !u!4 &2952738253319209591 stripped
Transform:
  m_CorrespondingSourceObject: {fileID: 6270305318111323279, guid: 824d59a04096933449f64533c4a59f95,
    type: 3}
  m_PrefabInstance: {fileID: 9222988011221296888}
  m_PrefabAsset: {fileID: 0}
--- !u!1001 &9222988011427573342
PrefabInstance:
  m_ObjectHideFlags: 0
  serializedVersion: 2
  m_Modification:
    m_TransformParent: {fileID: 9222988011561740935}
    m_Modifications:
    - target: {fileID: 5926211689818271949, guid: 8365c0d00ca766d4791adefd36af1b63,
        type: 3}
      propertyPath: m_Name
      value: SwingingRope5
      objectReference: {fileID: 0}
    - target: {fileID: 4072461675099208326, guid: 8365c0d00ca766d4791adefd36af1b63,
        type: 3}
      propertyPath: m_LocalPosition.x
      value: 83.93
      objectReference: {fileID: 0}
    - target: {fileID: 4072461675099208326, guid: 8365c0d00ca766d4791adefd36af1b63,
        type: 3}
      propertyPath: m_LocalPosition.y
      value: -1.099999
      objectReference: {fileID: 0}
    - target: {fileID: 4072461675099208326, guid: 8365c0d00ca766d4791adefd36af1b63,
        type: 3}
      propertyPath: m_LocalPosition.z
      value: 0
      objectReference: {fileID: 0}
    - target: {fileID: 4072461675099208326, guid: 8365c0d00ca766d4791adefd36af1b63,
        type: 3}
      propertyPath: m_LocalRotation.x
      value: 0
      objectReference: {fileID: 0}
    - target: {fileID: 4072461675099208326, guid: 8365c0d00ca766d4791adefd36af1b63,
        type: 3}
      propertyPath: m_LocalRotation.y
      value: 0
      objectReference: {fileID: 0}
    - target: {fileID: 4072461675099208326, guid: 8365c0d00ca766d4791adefd36af1b63,
        type: 3}
      propertyPath: m_LocalRotation.z
      value: 0
      objectReference: {fileID: 0}
    - target: {fileID: 4072461675099208326, guid: 8365c0d00ca766d4791adefd36af1b63,
        type: 3}
      propertyPath: m_LocalRotation.w
      value: 1
      objectReference: {fileID: 0}
    - target: {fileID: 4072461675099208326, guid: 8365c0d00ca766d4791adefd36af1b63,
        type: 3}
      propertyPath: m_RootOrder
      value: 4
      objectReference: {fileID: 0}
    - target: {fileID: 4072461675099208326, guid: 8365c0d00ca766d4791adefd36af1b63,
        type: 3}
      propertyPath: m_LocalEulerAnglesHint.x
      value: 0
      objectReference: {fileID: 0}
    - target: {fileID: 4072461675099208326, guid: 8365c0d00ca766d4791adefd36af1b63,
        type: 3}
      propertyPath: m_LocalEulerAnglesHint.y
      value: 0.37500003
      objectReference: {fileID: 0}
    - target: {fileID: 4072461675099208326, guid: 8365c0d00ca766d4791adefd36af1b63,
        type: 3}
      propertyPath: m_LocalEulerAnglesHint.z
      value: 0
      objectReference: {fileID: 0}
    - target: {fileID: 5870330288469880431, guid: 8365c0d00ca766d4791adefd36af1b63,
        type: 3}
      propertyPath: m_ConnectedAnchor.x
      value: 83.93
      objectReference: {fileID: 0}
    - target: {fileID: 5870330288469880431, guid: 8365c0d00ca766d4791adefd36af1b63,
        type: 3}
      propertyPath: m_ConnectedAnchor.y
      value: 2.9250011
      objectReference: {fileID: 0}
    m_RemovedComponents: []
  m_SourcePrefab: {fileID: 100100000, guid: 8365c0d00ca766d4791adefd36af1b63, type: 3}
--- !u!4 &5150685215797908696 stripped
Transform:
  m_CorrespondingSourceObject: {fileID: 4072461675099208326, guid: 8365c0d00ca766d4791adefd36af1b63,
    type: 3}
  m_PrefabInstance: {fileID: 9222988011427573342}
  m_PrefabAsset: {fileID: 0}
--- !u!1001 &9222988011900757039
PrefabInstance:
  m_ObjectHideFlags: 0
  serializedVersion: 2
  m_Modification:
    m_TransformParent: {fileID: 9222988011685406079}
    m_Modifications:
    - target: {fileID: 2222998458115600553, guid: b67cf730c233c7e48a8014b190a78283,
        type: 3}
      propertyPath: m_Name
      value: XLargePlatform_Green
      objectReference: {fileID: 0}
    - target: {fileID: 2222998458115600555, guid: b67cf730c233c7e48a8014b190a78283,
        type: 3}
      propertyPath: m_LocalPosition.x
      value: 17.555965
      objectReference: {fileID: 0}
    - target: {fileID: 2222998458115600555, guid: b67cf730c233c7e48a8014b190a78283,
        type: 3}
      propertyPath: m_LocalPosition.y
      value: -2.8763852
      objectReference: {fileID: 0}
    - target: {fileID: 2222998458115600555, guid: b67cf730c233c7e48a8014b190a78283,
        type: 3}
      propertyPath: m_LocalPosition.z
      value: 47.25
      objectReference: {fileID: 0}
    - target: {fileID: 2222998458115600555, guid: b67cf730c233c7e48a8014b190a78283,
        type: 3}
      propertyPath: m_RootOrder
      value: 0
      objectReference: {fileID: 0}
    - target: {fileID: 2222998458115600555, guid: b67cf730c233c7e48a8014b190a78283,
        type: 3}
      propertyPath: m_LocalEulerAnglesHint.x
      value: 0
      objectReference: {fileID: 0}
    - target: {fileID: 2222998458115600555, guid: b67cf730c233c7e48a8014b190a78283,
        type: 3}
      propertyPath: m_LocalEulerAnglesHint.y
      value: 0
      objectReference: {fileID: 0}
    - target: {fileID: 2222998458115600555, guid: b67cf730c233c7e48a8014b190a78283,
        type: 3}
      propertyPath: m_LocalEulerAnglesHint.z
      value: 88
      objectReference: {fileID: 0}
    m_RemovedComponents: []
  m_SourcePrefab: {fileID: 100100000, guid: b67cf730c233c7e48a8014b190a78283, type: 3}
--- !u!4 &7000581647246513284 stripped
Transform:
  m_CorrespondingSourceObject: {fileID: 2222998458115600555, guid: b67cf730c233c7e48a8014b190a78283,
    type: 3}
  m_PrefabInstance: {fileID: 9222988011900757039}
  m_PrefabAsset: {fileID: 0}
--- !u!1001 &9222988012063319222
PrefabInstance:
  m_ObjectHideFlags: 0
  serializedVersion: 2
  m_Modification:
    m_TransformParent: {fileID: 9222988011685406079}
    m_Modifications:
    - target: {fileID: 3695142497767419591, guid: 9315cf23c60921949a62e948236a9d8b,
        type: 3}
      propertyPath: m_Name
      value: MediumPlatform_Green
      objectReference: {fileID: 0}
    - target: {fileID: 3695142497767419589, guid: 9315cf23c60921949a62e948236a9d8b,
        type: 3}
      propertyPath: m_LocalPosition.x
      value: 61.915966
      objectReference: {fileID: 0}
    - target: {fileID: 3695142497767419589, guid: 9315cf23c60921949a62e948236a9d8b,
        type: 3}
      propertyPath: m_LocalPosition.y
      value: -0.8463845
      objectReference: {fileID: 0}
    - target: {fileID: 3695142497767419589, guid: 9315cf23c60921949a62e948236a9d8b,
        type: 3}
      propertyPath: m_LocalPosition.z
      value: 47.25
      objectReference: {fileID: 0}
    - target: {fileID: 3695142497767419589, guid: 9315cf23c60921949a62e948236a9d8b,
        type: 3}
      propertyPath: m_LocalRotation.x
      value: -0
      objectReference: {fileID: 0}
    - target: {fileID: 3695142497767419589, guid: 9315cf23c60921949a62e948236a9d8b,
        type: 3}
      propertyPath: m_LocalRotation.y
      value: -0
      objectReference: {fileID: 0}
    - target: {fileID: 3695142497767419589, guid: 9315cf23c60921949a62e948236a9d8b,
        type: 3}
      propertyPath: m_LocalRotation.z
      value: 0.67559016
      objectReference: {fileID: 0}
    - target: {fileID: 3695142497767419589, guid: 9315cf23c60921949a62e948236a9d8b,
        type: 3}
      propertyPath: m_LocalRotation.w
      value: 0.7372774
      objectReference: {fileID: 0}
    - target: {fileID: 3695142497767419589, guid: 9315cf23c60921949a62e948236a9d8b,
        type: 3}
      propertyPath: m_RootOrder
      value: 1
      objectReference: {fileID: 0}
    - target: {fileID: 3695142497767419589, guid: 9315cf23c60921949a62e948236a9d8b,
        type: 3}
      propertyPath: m_LocalEulerAnglesHint.x
      value: 0
      objectReference: {fileID: 0}
    - target: {fileID: 3695142497767419589, guid: 9315cf23c60921949a62e948236a9d8b,
        type: 3}
      propertyPath: m_LocalEulerAnglesHint.y
      value: 0
      objectReference: {fileID: 0}
    - target: {fileID: 3695142497767419589, guid: 9315cf23c60921949a62e948236a9d8b,
        type: 3}
      propertyPath: m_LocalEulerAnglesHint.z
      value: -5
      objectReference: {fileID: 0}
    m_RemovedComponents: []
  m_SourcePrefab: {fileID: 100100000, guid: 9315cf23c60921949a62e948236a9d8b, type: 3}
--- !u!4 &5528566829533366899 stripped
Transform:
  m_CorrespondingSourceObject: {fileID: 3695142497767419589, guid: 9315cf23c60921949a62e948236a9d8b,
    type: 3}
  m_PrefabInstance: {fileID: 9222988012063319222}
  m_PrefabAsset: {fileID: 0}
--- !u!1001 &9222988012066788730
PrefabInstance:
  m_ObjectHideFlags: 0
  serializedVersion: 2
  m_Modification:
    m_TransformParent: {fileID: 9222988011561740935}
    m_Modifications:
    - target: {fileID: 1358434941717016361, guid: f8ee64f6b3b253e4d9ed8c329c6cea27,
        type: 3}
      propertyPath: m_Name
      value: StationaryRope
      objectReference: {fileID: 0}
    - target: {fileID: 8674013227954857314, guid: f8ee64f6b3b253e4d9ed8c329c6cea27,
        type: 3}
      propertyPath: m_LocalPosition.x
      value: 92.85
      objectReference: {fileID: 0}
    - target: {fileID: 8674013227954857314, guid: f8ee64f6b3b253e4d9ed8c329c6cea27,
        type: 3}
      propertyPath: m_LocalPosition.y
      value: 1.8200011
      objectReference: {fileID: 0}
    - target: {fileID: 8674013227954857314, guid: f8ee64f6b3b253e4d9ed8c329c6cea27,
        type: 3}
      propertyPath: m_LocalPosition.z
      value: 0
      objectReference: {fileID: 0}
    - target: {fileID: 8674013227954857314, guid: f8ee64f6b3b253e4d9ed8c329c6cea27,
        type: 3}
      propertyPath: m_LocalRotation.x
      value: 0
      objectReference: {fileID: 0}
    - target: {fileID: 8674013227954857314, guid: f8ee64f6b3b253e4d9ed8c329c6cea27,
        type: 3}
      propertyPath: m_LocalRotation.y
      value: 0
      objectReference: {fileID: 0}
    - target: {fileID: 8674013227954857314, guid: f8ee64f6b3b253e4d9ed8c329c6cea27,
        type: 3}
      propertyPath: m_LocalRotation.z
      value: 0
      objectReference: {fileID: 0}
    - target: {fileID: 8674013227954857314, guid: f8ee64f6b3b253e4d9ed8c329c6cea27,
        type: 3}
      propertyPath: m_LocalRotation.w
      value: 1
      objectReference: {fileID: 0}
    - target: {fileID: 8674013227954857314, guid: f8ee64f6b3b253e4d9ed8c329c6cea27,
        type: 3}
      propertyPath: m_RootOrder
      value: 5
      objectReference: {fileID: 0}
    - target: {fileID: 8674013227954857314, guid: f8ee64f6b3b253e4d9ed8c329c6cea27,
        type: 3}
      propertyPath: m_LocalEulerAnglesHint.x
      value: 0
      objectReference: {fileID: 0}
    - target: {fileID: 8674013227954857314, guid: f8ee64f6b3b253e4d9ed8c329c6cea27,
        type: 3}
      propertyPath: m_LocalEulerAnglesHint.y
      value: 0.37500003
      objectReference: {fileID: 0}
    - target: {fileID: 8674013227954857314, guid: f8ee64f6b3b253e4d9ed8c329c6cea27,
        type: 3}
      propertyPath: m_LocalEulerAnglesHint.z
      value: 0
      objectReference: {fileID: 0}
    m_RemovedComponents: []
  m_SourcePrefab: {fileID: 100100000, guid: f8ee64f6b3b253e4d9ed8c329c6cea27, type: 3}
--- !u!4 &549135318614585368 stripped
Transform:
  m_CorrespondingSourceObject: {fileID: 8674013227954857314, guid: f8ee64f6b3b253e4d9ed8c329c6cea27,
    type: 3}
  m_PrefabInstance: {fileID: 9222988012066788730}
  m_PrefabAsset: {fileID: 0}
--- !u!1001 &9222988012814608290
PrefabInstance:
  m_ObjectHideFlags: 0
  serializedVersion: 2
  m_Modification:
    m_TransformParent: {fileID: 9222988011561740935}
    m_Modifications:
    - target: {fileID: 5926211689818271949, guid: 8365c0d00ca766d4791adefd36af1b63,
        type: 3}
      propertyPath: m_Name
      value: SwingingRope4
      objectReference: {fileID: 0}
    - target: {fileID: 4072461675099208326, guid: 8365c0d00ca766d4791adefd36af1b63,
        type: 3}
      propertyPath: m_LocalPosition.x
      value: 72.73
      objectReference: {fileID: 0}
    - target: {fileID: 4072461675099208326, guid: 8365c0d00ca766d4791adefd36af1b63,
        type: 3}
      propertyPath: m_LocalPosition.y
      value: -3.4999995
      objectReference: {fileID: 0}
    - target: {fileID: 4072461675099208326, guid: 8365c0d00ca766d4791adefd36af1b63,
        type: 3}
      propertyPath: m_LocalPosition.z
      value: 0
      objectReference: {fileID: 0}
    - target: {fileID: 4072461675099208326, guid: 8365c0d00ca766d4791adefd36af1b63,
        type: 3}
      propertyPath: m_LocalRotation.x
      value: 0
      objectReference: {fileID: 0}
    - target: {fileID: 4072461675099208326, guid: 8365c0d00ca766d4791adefd36af1b63,
        type: 3}
      propertyPath: m_LocalRotation.y
      value: 0
      objectReference: {fileID: 0}
    - target: {fileID: 4072461675099208326, guid: 8365c0d00ca766d4791adefd36af1b63,
        type: 3}
      propertyPath: m_LocalRotation.z
      value: 0
      objectReference: {fileID: 0}
    - target: {fileID: 4072461675099208326, guid: 8365c0d00ca766d4791adefd36af1b63,
        type: 3}
      propertyPath: m_LocalRotation.w
      value: 1
      objectReference: {fileID: 0}
    - target: {fileID: 4072461675099208326, guid: 8365c0d00ca766d4791adefd36af1b63,
        type: 3}
      propertyPath: m_RootOrder
      value: 3
      objectReference: {fileID: 0}
    - target: {fileID: 4072461675099208326, guid: 8365c0d00ca766d4791adefd36af1b63,
        type: 3}
      propertyPath: m_LocalEulerAnglesHint.x
      value: 0
      objectReference: {fileID: 0}
    - target: {fileID: 4072461675099208326, guid: 8365c0d00ca766d4791adefd36af1b63,
        type: 3}
      propertyPath: m_LocalEulerAnglesHint.y
      value: 0.37500003
      objectReference: {fileID: 0}
    - target: {fileID: 4072461675099208326, guid: 8365c0d00ca766d4791adefd36af1b63,
        type: 3}
      propertyPath: m_LocalEulerAnglesHint.z
      value: 0
      objectReference: {fileID: 0}
    - target: {fileID: 5870330288469880431, guid: 8365c0d00ca766d4791adefd36af1b63,
        type: 3}
      propertyPath: m_ConnectedAnchor.x
      value: 72.73
      objectReference: {fileID: 0}
    - target: {fileID: 5870330288469880431, guid: 8365c0d00ca766d4791adefd36af1b63,
        type: 3}
      propertyPath: m_ConnectedAnchor.y
      value: 0.5250006
      objectReference: {fileID: 0}
    m_RemovedComponents: []
  m_SourcePrefab: {fileID: 100100000, guid: 8365c0d00ca766d4791adefd36af1b63, type: 3}
--- !u!4 &5150685217688526116 stripped
Transform:
  m_CorrespondingSourceObject: {fileID: 4072461675099208326, guid: 8365c0d00ca766d4791adefd36af1b63,
    type: 3}
  m_PrefabInstance: {fileID: 9222988012814608290}
  m_PrefabAsset: {fileID: 0}
--- !u!1001 &9222988013072194702
PrefabInstance:
  m_ObjectHideFlags: 0
  serializedVersion: 2
  m_Modification:
    m_TransformParent: {fileID: 9222988011561740935}
    m_Modifications:
    - target: {fileID: 5926211689818271949, guid: 8365c0d00ca766d4791adefd36af1b63,
        type: 3}
      propertyPath: m_Name
      value: SwingingRope3
      objectReference: {fileID: 0}
    - target: {fileID: 4072461675099208326, guid: 8365c0d00ca766d4791adefd36af1b63,
        type: 3}
      propertyPath: m_LocalPosition.x
      value: 51.8
      objectReference: {fileID: 0}
    - target: {fileID: 4072461675099208326, guid: 8365c0d00ca766d4791adefd36af1b63,
        type: 3}
      propertyPath: m_LocalPosition.y
      value: 4.9
      objectReference: {fileID: 0}
    - target: {fileID: 4072461675099208326, guid: 8365c0d00ca766d4791adefd36af1b63,
        type: 3}
      propertyPath: m_LocalPosition.z
      value: 0
      objectReference: {fileID: 0}
    - target: {fileID: 4072461675099208326, guid: 8365c0d00ca766d4791adefd36af1b63,
        type: 3}
      propertyPath: m_LocalRotation.x
      value: 0
      objectReference: {fileID: 0}
    - target: {fileID: 4072461675099208326, guid: 8365c0d00ca766d4791adefd36af1b63,
        type: 3}
      propertyPath: m_LocalRotation.y
      value: 0
      objectReference: {fileID: 0}
    - target: {fileID: 4072461675099208326, guid: 8365c0d00ca766d4791adefd36af1b63,
        type: 3}
      propertyPath: m_LocalRotation.z
      value: 0
      objectReference: {fileID: 0}
    - target: {fileID: 4072461675099208326, guid: 8365c0d00ca766d4791adefd36af1b63,
        type: 3}
      propertyPath: m_LocalRotation.w
      value: 1
      objectReference: {fileID: 0}
    - target: {fileID: 4072461675099208326, guid: 8365c0d00ca766d4791adefd36af1b63,
        type: 3}
      propertyPath: m_RootOrder
      value: 2
      objectReference: {fileID: 0}
    - target: {fileID: 4072461675099208326, guid: 8365c0d00ca766d4791adefd36af1b63,
        type: 3}
      propertyPath: m_LocalEulerAnglesHint.x
      value: 0
      objectReference: {fileID: 0}
    - target: {fileID: 4072461675099208326, guid: 8365c0d00ca766d4791adefd36af1b63,
        type: 3}
      propertyPath: m_LocalEulerAnglesHint.y
      value: 0.37500003
      objectReference: {fileID: 0}
    - target: {fileID: 4072461675099208326, guid: 8365c0d00ca766d4791adefd36af1b63,
        type: 3}
      propertyPath: m_LocalEulerAnglesHint.z
      value: 0
      objectReference: {fileID: 0}
    - target: {fileID: 5870330288469880431, guid: 8365c0d00ca766d4791adefd36af1b63,
        type: 3}
      propertyPath: m_ConnectedAnchor.x
      value: 51.8
      objectReference: {fileID: 0}
    - target: {fileID: 5870330288469880431, guid: 8365c0d00ca766d4791adefd36af1b63,
        type: 3}
      propertyPath: m_ConnectedAnchor.y
      value: 8.925
      objectReference: {fileID: 0}
    m_RemovedComponents: []
  m_SourcePrefab: {fileID: 100100000, guid: 8365c0d00ca766d4791adefd36af1b63, type: 3}
--- !u!4 &5150685217441490440 stripped
Transform:
  m_CorrespondingSourceObject: {fileID: 4072461675099208326, guid: 8365c0d00ca766d4791adefd36af1b63,
    type: 3}
  m_PrefabInstance: {fileID: 9222988013072194702}
  m_PrefabAsset: {fileID: 0}
