%YAML 1.1
%TAG !u! tag:unity3d.com,2011:
--- !u!1 &109199675338355825
GameObject:
  m_ObjectHideFlags: 0
  m_CorrespondingSourceObject: {fileID: 0}
  m_PrefabInstance: {fileID: 0}
  m_PrefabAsset: {fileID: 0}
  serializedVersion: 6
  m_Component:
  - component: {fileID: 109199675338355838}
  m_Layer: 0
  m_Name: Platforms
  m_TagString: Untagged
  m_Icon: {fileID: 0}
  m_NavMeshLayer: 0
  m_StaticEditorFlags: 0
  m_IsActive: 1
--- !u!4 &109199675338355838
Transform:
  m_ObjectHideFlags: 0
  m_CorrespondingSourceObject: {fileID: 0}
  m_PrefabInstance: {fileID: 0}
  m_PrefabAsset: {fileID: 0}
  m_GameObject: {fileID: 109199675338355825}
  m_LocalRotation: {x: 0, y: 0, z: 0, w: 1}
  m_LocalPosition: {x: 92.3, y: 0, z: 1}
  m_LocalScale: {x: 1, y: 1, z: 1}
  m_Children:
  - {fileID: 1390429169413046850}
  - {fileID: 6235073094704903838}
  - {fileID: 1988232051846256878}
  - {fileID: 1988232052232346679}
  - {fileID: 1988232050869058324}
  - {fileID: 3658114771057945308}
  - {fileID: 1988232052011336909}
  - {fileID: 1988232051578779560}
  - {fileID: 1988232052393164782}
  - {fileID: 6235073093625937095}
  - {fileID: 1988232050452440852}
  - {fileID: 6235073094750145530}
  m_Father: {fileID: 109199676493959426}
  m_RootOrder: 0
  m_LocalEulerAnglesHint: {x: 0, y: 0, z: 0}
--- !u!1 &109199676493959429
GameObject:
  m_ObjectHideFlags: 0
  m_CorrespondingSourceObject: {fileID: 0}
  m_PrefabInstance: {fileID: 0}
  m_PrefabAsset: {fileID: 0}
  serializedVersion: 6
  m_Component:
  - component: {fileID: 109199676493959426}
  - component: {fileID: 2678060187097538586}
  - component: {fileID: 7103276251446650213}
  - component: {fileID: -8547428016047810471}
  m_Layer: 0
  m_Name: SampleLevel2
  m_TagString: Untagged
  m_Icon: {fileID: 0}
  m_NavMeshLayer: 0
  m_StaticEditorFlags: 0
  m_IsActive: 1
--- !u!4 &109199676493959426
Transform:
  m_ObjectHideFlags: 0
  m_CorrespondingSourceObject: {fileID: 0}
  m_PrefabInstance: {fileID: 0}
  m_PrefabAsset: {fileID: 0}
  m_GameObject: {fileID: 109199676493959429}
  m_LocalRotation: {x: 0, y: 0, z: 0, w: 1}
  m_LocalPosition: {x: 0, y: 0, z: 0}
  m_LocalScale: {x: 1, y: 1, z: 1}
  m_Children:
  - {fileID: 109199675338355838}
  - {fileID: 5305762657541062679}
  - {fileID: 8542878131365141915}
  m_Father: {fileID: 0}
  m_RootOrder: 0
  m_LocalEulerAnglesHint: {x: 0, y: 0, z: 0}
--- !u!61 &2678060187097538586
BoxCollider2D:
  m_ObjectHideFlags: 0
  m_CorrespondingSourceObject: {fileID: 0}
  m_PrefabInstance: {fileID: 0}
  m_PrefabAsset: {fileID: 0}
  m_GameObject: {fileID: 109199676493959429}
  m_Enabled: 1
  m_Density: 1
  m_Material: {fileID: 0}
  m_IsTrigger: 1
  m_UsedByEffector: 0
  m_UsedByComposite: 0
  m_Offset: {x: 100, y: 0}
  m_SpriteTilingProperty:
    border: {x: 0, y: 0, z: 0, w: 0}
    pivot: {x: 0, y: 0}
    oldSize: {x: 0, y: 0}
    newSize: {x: 0, y: 0}
    adaptiveTilingThreshold: 0
    drawMode: 0
    adaptiveTiling: 0
  m_AutoTiling: 0
  serializedVersion: 2
  m_Size: {x: 5, y: 35}
  m_EdgeRadius: 0
--- !u!114 &7103276251446650213
MonoBehaviour:
  m_ObjectHideFlags: 0
  m_CorrespondingSourceObject: {fileID: 0}
  m_PrefabInstance: {fileID: 0}
  m_PrefabAsset: {fileID: 0}
  m_GameObject: {fileID: 109199676493959429}
  m_Enabled: 1
  m_EditorHideFlags: 0
  m_Script: {fileID: 11500000, guid: 71c77a3d5e19ae24288ce9aed7f20c73, type: 3}
  m_Name: 
  m_EditorClassIdentifier: 
--- !u!114 &-8547428016047810471
MonoBehaviour:
  m_ObjectHideFlags: 0
  m_CorrespondingSourceObject: {fileID: 0}
  m_PrefabInstance: {fileID: 0}
  m_PrefabAsset: {fileID: 0}
  m_GameObject: {fileID: 109199676493959429}
  m_Enabled: 1
  m_EditorHideFlags: 0
  m_Script: {fileID: 11500000, guid: 9f40e6ccdeaa361438d6d974368e8dba, type: 3}
  m_Name: 
  m_EditorClassIdentifier: 
--- !u!1 &4147935968209658891
GameObject:
  m_ObjectHideFlags: 0
  m_CorrespondingSourceObject: {fileID: 0}
  m_PrefabInstance: {fileID: 0}
  m_PrefabAsset: {fileID: 0}
  serializedVersion: 6
  m_Component:
  - component: {fileID: 5305762657541062679}
  m_Layer: 0
  m_Name: Strings
  m_TagString: Untagged
  m_Icon: {fileID: 0}
  m_NavMeshLayer: 0
  m_StaticEditorFlags: 0
  m_IsActive: 1
--- !u!4 &5305762657541062679
Transform:
  m_ObjectHideFlags: 0
  m_CorrespondingSourceObject: {fileID: 0}
  m_PrefabInstance: {fileID: 0}
  m_PrefabAsset: {fileID: 0}
  m_GameObject: {fileID: 4147935968209658891}
  m_LocalRotation: {x: -0, y: -0, z: -0, w: 1}
  m_LocalPosition: {x: 0, y: 0, z: 0}
  m_LocalScale: {x: 1, y: 1, z: 1}
  m_Children:
  - {fileID: 6363784259752306809}
  - {fileID: 3559376178335234328}
  m_Father: {fileID: 109199676493959426}
  m_RootOrder: 1
  m_LocalEulerAnglesHint: {x: 0, y: 0, z: 0}
--- !u!1 &5618858691205916092
GameObject:
  m_ObjectHideFlags: 0
  m_CorrespondingSourceObject: {fileID: 0}
  m_PrefabInstance: {fileID: 0}
  m_PrefabAsset: {fileID: 0}
  serializedVersion: 6
  m_Component:
  - component: {fileID: 8542878131365141915}
  m_Layer: 0
  m_Name: Collectables
  m_TagString: Untagged
  m_Icon: {fileID: 0}
  m_NavMeshLayer: 0
  m_StaticEditorFlags: 0
  m_IsActive: 1
--- !u!4 &8542878131365141915
Transform:
  m_ObjectHideFlags: 0
  m_CorrespondingSourceObject: {fileID: 0}
  m_PrefabInstance: {fileID: 0}
  m_PrefabAsset: {fileID: 0}
  m_GameObject: {fileID: 5618858691205916092}
  m_LocalRotation: {x: 0, y: 0, z: 0, w: 1}
  m_LocalPosition: {x: 0, y: 0, z: 0}
  m_LocalScale: {x: 1, y: 1, z: 1}
  m_Children:
  - {fileID: 5465023035261228496}
  - {fileID: 1771677644167112483}
  - {fileID: 6849436039757681985}
  m_Father: {fileID: 109199676493959426}
  m_RootOrder: 2
  m_LocalEulerAnglesHint: {x: 0, y: 0, z: 0}
--- !u!1001 &109199674521409608
PrefabInstance:
  m_ObjectHideFlags: 0
  serializedVersion: 2
  m_Modification:
    m_TransformParent: {fileID: 109199675338355838}
    m_Modifications:
    - target: {fileID: 6270305318111323265, guid: 824d59a04096933449f64533c4a59f95,
        type: 3}
      propertyPath: m_Name
      value: MediumSpikedPlatform_Green2
      objectReference: {fileID: 0}
    - target: {fileID: 6270305318111323279, guid: 824d59a04096933449f64533c4a59f95,
        type: 3}
      propertyPath: m_LocalPosition.x
      value: -20.370003
      objectReference: {fileID: 0}
    - target: {fileID: 6270305318111323279, guid: 824d59a04096933449f64533c4a59f95,
        type: 3}
      propertyPath: m_LocalPosition.y
      value: 4.43
      objectReference: {fileID: 0}
    - target: {fileID: 6270305318111323279, guid: 824d59a04096933449f64533c4a59f95,
        type: 3}
      propertyPath: m_LocalPosition.z
      value: 57.983093
      objectReference: {fileID: 0}
    - target: {fileID: 6270305318111323279, guid: 824d59a04096933449f64533c4a59f95,
        type: 3}
      propertyPath: m_LocalRotation.x
      value: -0
      objectReference: {fileID: 0}
    - target: {fileID: 6270305318111323279, guid: 824d59a04096933449f64533c4a59f95,
        type: 3}
      propertyPath: m_LocalRotation.y
      value: -0
      objectReference: {fileID: 0}
    - target: {fileID: 6270305318111323279, guid: 824d59a04096933449f64533c4a59f95,
        type: 3}
      propertyPath: m_LocalRotation.z
      value: 0.6883546
      objectReference: {fileID: 0}
    - target: {fileID: 6270305318111323279, guid: 824d59a04096933449f64533c4a59f95,
        type: 3}
      propertyPath: m_LocalRotation.w
      value: 0.72537434
      objectReference: {fileID: 0}
    - target: {fileID: 6270305318111323279, guid: 824d59a04096933449f64533c4a59f95,
        type: 3}
      propertyPath: m_RootOrder
      value: 9
      objectReference: {fileID: 0}
    - target: {fileID: 6270305318111323279, guid: 824d59a04096933449f64533c4a59f95,
        type: 3}
      propertyPath: m_LocalEulerAnglesHint.x
      value: 0
      objectReference: {fileID: 0}
    - target: {fileID: 6270305318111323279, guid: 824d59a04096933449f64533c4a59f95,
        type: 3}
      propertyPath: m_LocalEulerAnglesHint.y
      value: 0
      objectReference: {fileID: 0}
    - target: {fileID: 6270305318111323279, guid: 824d59a04096933449f64533c4a59f95,
        type: 3}
      propertyPath: m_LocalEulerAnglesHint.z
      value: 87
      objectReference: {fileID: 0}
    - target: {fileID: 8609624441137781384, guid: 824d59a04096933449f64533c4a59f95,
        type: 3}
      propertyPath: scoring
      value: 
      objectReference: {fileID: 0}
    - target: {fileID: 8609624441137781384, guid: 824d59a04096933449f64533c4a59f95,
        type: 3}
      propertyPath: playerHealth
      value: 
      objectReference: {fileID: 0}
    - target: {fileID: 6270305318111323278, guid: 824d59a04096933449f64533c4a59f95,
        type: 3}
      propertyPath: m_SortingLayerID
      value: -315222945
      objectReference: {fileID: 0}
    - target: {fileID: 6270305318111323278, guid: 824d59a04096933449f64533c4a59f95,
        type: 3}
      propertyPath: m_SortingLayer
      value: 3
      objectReference: {fileID: 0}
    - target: {fileID: 6270305318111323278, guid: 824d59a04096933449f64533c4a59f95,
        type: 3}
      propertyPath: m_SortingOrder
      value: 2
      objectReference: {fileID: 0}
    m_RemovedComponents: []
  m_SourcePrefab: {fileID: 100100000, guid: 824d59a04096933449f64533c4a59f95, type: 3}
--- !u!4 &6235073093625937095 stripped
Transform:
  m_CorrespondingSourceObject: {fileID: 6270305318111323279, guid: 824d59a04096933449f64533c4a59f95,
    type: 3}
  m_PrefabInstance: {fileID: 109199674521409608}
  m_PrefabAsset: {fileID: 0}
--- !u!1001 &109199674534071936
PrefabInstance:
  m_ObjectHideFlags: 0
  serializedVersion: 2
  m_Modification:
    m_TransformParent: {fileID: 109199675338355838}
    m_Modifications:
    - target: {fileID: 1879243505633702252, guid: 033f3f7d0cd8c2f4ebe62f406efe76b9,
        type: 3}
      propertyPath: m_Name
      value: SmallPlatform_Green6
      objectReference: {fileID: 0}
    - target: {fileID: 1879243505633702252, guid: 033f3f7d0cd8c2f4ebe62f406efe76b9,
        type: 3}
      propertyPath: m_TagString
      value: Platform
      objectReference: {fileID: 0}
    - target: {fileID: 1879243505633702254, guid: 033f3f7d0cd8c2f4ebe62f406efe76b9,
        type: 3}
      propertyPath: m_LocalPosition.x
      value: -19.970001
      objectReference: {fileID: 0}
    - target: {fileID: 1879243505633702254, guid: 033f3f7d0cd8c2f4ebe62f406efe76b9,
        type: 3}
      propertyPath: m_LocalPosition.y
      value: -0.87000036
      objectReference: {fileID: 0}
    - target: {fileID: 1879243505633702254, guid: 033f3f7d0cd8c2f4ebe62f406efe76b9,
        type: 3}
      propertyPath: m_LocalPosition.z
      value: 57.983093
      objectReference: {fileID: 0}
    - target: {fileID: 1879243505633702254, guid: 033f3f7d0cd8c2f4ebe62f406efe76b9,
        type: 3}
      propertyPath: m_RootOrder
      value: 8
      objectReference: {fileID: 0}
    - target: {fileID: 1879243505633702254, guid: 033f3f7d0cd8c2f4ebe62f406efe76b9,
        type: 3}
      propertyPath: m_LocalEulerAnglesHint.x
      value: 0
      objectReference: {fileID: 0}
    - target: {fileID: 1879243505633702254, guid: 033f3f7d0cd8c2f4ebe62f406efe76b9,
        type: 3}
      propertyPath: m_LocalEulerAnglesHint.y
      value: 0
      objectReference: {fileID: 0}
    - target: {fileID: 1879243505633702254, guid: 033f3f7d0cd8c2f4ebe62f406efe76b9,
        type: 3}
      propertyPath: m_LocalEulerAnglesHint.z
      value: 88
      objectReference: {fileID: 0}
    - target: {fileID: 1879243505633702254, guid: 033f3f7d0cd8c2f4ebe62f406efe76b9,
        type: 3}
      propertyPath: m_LocalRotation.x
      value: -0
      objectReference: {fileID: 0}
    - target: {fileID: 1879243505633702254, guid: 033f3f7d0cd8c2f4ebe62f406efe76b9,
        type: 3}
      propertyPath: m_LocalRotation.y
      value: -0
      objectReference: {fileID: 0}
    - target: {fileID: 1879243505633702255, guid: 033f3f7d0cd8c2f4ebe62f406efe76b9,
        type: 3}
      propertyPath: m_SortingLayerID
      value: -315222945
      objectReference: {fileID: 0}
    - target: {fileID: 1879243505633702255, guid: 033f3f7d0cd8c2f4ebe62f406efe76b9,
        type: 3}
      propertyPath: m_SortingLayer
      value: 3
      objectReference: {fileID: 0}
    - target: {fileID: 1879243505633702255, guid: 033f3f7d0cd8c2f4ebe62f406efe76b9,
        type: 3}
      propertyPath: m_SortingOrder
      value: 2
      objectReference: {fileID: 0}
    m_RemovedComponents: []
  m_SourcePrefab: {fileID: 100100000, guid: 033f3f7d0cd8c2f4ebe62f406efe76b9, type: 3}
--- !u!4 &1988232052393164782 stripped
Transform:
  m_CorrespondingSourceObject: {fileID: 1879243505633702254, guid: 033f3f7d0cd8c2f4ebe62f406efe76b9,
    type: 3}
  m_PrefabInstance: {fileID: 109199674534071936}
  m_PrefabAsset: {fileID: 0}
--- !u!1001 &109199674692037977
PrefabInstance:
  m_ObjectHideFlags: 0
  serializedVersion: 2
  m_Modification:
    m_TransformParent: {fileID: 109199675338355838}
    m_Modifications:
    - target: {fileID: 1879243505633702252, guid: 033f3f7d0cd8c2f4ebe62f406efe76b9,
        type: 3}
      propertyPath: m_Name
      value: SmallPlatform_Green2
      objectReference: {fileID: 0}
    - target: {fileID: 1879243505633702252, guid: 033f3f7d0cd8c2f4ebe62f406efe76b9,
        type: 3}
      propertyPath: m_TagString
      value: Platform
      objectReference: {fileID: 0}
    - target: {fileID: 1879243505633702254, guid: 033f3f7d0cd8c2f4ebe62f406efe76b9,
        type: 3}
      propertyPath: m_LocalPosition.x
      value: -57.829998
      objectReference: {fileID: 0}
    - target: {fileID: 1879243505633702254, guid: 033f3f7d0cd8c2f4ebe62f406efe76b9,
        type: 3}
      propertyPath: m_LocalPosition.y
      value: -5.7400002
      objectReference: {fileID: 0}
    - target: {fileID: 1879243505633702254, guid: 033f3f7d0cd8c2f4ebe62f406efe76b9,
        type: 3}
      propertyPath: m_LocalPosition.z
      value: 57.983093
      objectReference: {fileID: 0}
    - target: {fileID: 1879243505633702254, guid: 033f3f7d0cd8c2f4ebe62f406efe76b9,
        type: 3}
      propertyPath: m_RootOrder
      value: 3
      objectReference: {fileID: 0}
    - target: {fileID: 1879243505633702254, guid: 033f3f7d0cd8c2f4ebe62f406efe76b9,
        type: 3}
      propertyPath: m_LocalEulerAnglesHint.x
      value: 0
      objectReference: {fileID: 0}
    - target: {fileID: 1879243505633702254, guid: 033f3f7d0cd8c2f4ebe62f406efe76b9,
        type: 3}
      propertyPath: m_LocalEulerAnglesHint.y
      value: 0
      objectReference: {fileID: 0}
    - target: {fileID: 1879243505633702254, guid: 033f3f7d0cd8c2f4ebe62f406efe76b9,
        type: 3}
      propertyPath: m_LocalEulerAnglesHint.z
      value: 88
      objectReference: {fileID: 0}
    - target: {fileID: 1879243505633702254, guid: 033f3f7d0cd8c2f4ebe62f406efe76b9,
        type: 3}
      propertyPath: m_LocalRotation.x
      value: -0
      objectReference: {fileID: 0}
    - target: {fileID: 1879243505633702254, guid: 033f3f7d0cd8c2f4ebe62f406efe76b9,
        type: 3}
      propertyPath: m_LocalRotation.y
      value: -0
      objectReference: {fileID: 0}
    - target: {fileID: 1879243505633702255, guid: 033f3f7d0cd8c2f4ebe62f406efe76b9,
        type: 3}
      propertyPath: m_SortingLayerID
      value: -315222945
      objectReference: {fileID: 0}
    - target: {fileID: 1879243505633702255, guid: 033f3f7d0cd8c2f4ebe62f406efe76b9,
        type: 3}
      propertyPath: m_SortingLayer
      value: 3
      objectReference: {fileID: 0}
    - target: {fileID: 1879243505633702255, guid: 033f3f7d0cd8c2f4ebe62f406efe76b9,
        type: 3}
      propertyPath: m_SortingOrder
      value: 2
      objectReference: {fileID: 0}
    m_RemovedComponents: []
  m_SourcePrefab: {fileID: 100100000, guid: 033f3f7d0cd8c2f4ebe62f406efe76b9, type: 3}
--- !u!4 &1988232052232346679 stripped
Transform:
  m_CorrespondingSourceObject: {fileID: 1879243505633702254, guid: 033f3f7d0cd8c2f4ebe62f406efe76b9,
    type: 3}
  m_PrefabInstance: {fileID: 109199674692037977}
  m_PrefabAsset: {fileID: 0}
--- !u!1001 &109199674789119001
PrefabInstance:
  m_ObjectHideFlags: 0
  serializedVersion: 2
  m_Modification:
    m_TransformParent: {fileID: 109199675338355838}
    m_Modifications:
    - target: {fileID: 3695142497767419591, guid: 9315cf23c60921949a62e948236a9d8b,
        type: 3}
      propertyPath: m_Name
      value: MediumPlatform_Green
      objectReference: {fileID: 0}
    - target: {fileID: 3695142497767419591, guid: 9315cf23c60921949a62e948236a9d8b,
        type: 3}
      propertyPath: m_TagString
      value: Platform
      objectReference: {fileID: 0}
    - target: {fileID: 3695142497767419589, guid: 9315cf23c60921949a62e948236a9d8b,
        type: 3}
      propertyPath: m_LocalPosition.x
      value: -76.229996
      objectReference: {fileID: 0}
    - target: {fileID: 3695142497767419589, guid: 9315cf23c60921949a62e948236a9d8b,
        type: 3}
      propertyPath: m_LocalPosition.y
      value: -2.15
      objectReference: {fileID: 0}
    - target: {fileID: 3695142497767419589, guid: 9315cf23c60921949a62e948236a9d8b,
        type: 3}
      propertyPath: m_LocalPosition.z
      value: 57.983093
      objectReference: {fileID: 0}
    - target: {fileID: 3695142497767419589, guid: 9315cf23c60921949a62e948236a9d8b,
        type: 3}
      propertyPath: m_RootOrder
      value: 5
      objectReference: {fileID: 0}
    - target: {fileID: 3695142497767419589, guid: 9315cf23c60921949a62e948236a9d8b,
        type: 3}
      propertyPath: m_LocalEulerAnglesHint.x
      value: 0
      objectReference: {fileID: 0}
    - target: {fileID: 3695142497767419589, guid: 9315cf23c60921949a62e948236a9d8b,
        type: 3}
      propertyPath: m_LocalEulerAnglesHint.y
      value: 0
      objectReference: {fileID: 0}
    - target: {fileID: 3695142497767419589, guid: 9315cf23c60921949a62e948236a9d8b,
        type: 3}
      propertyPath: m_LocalEulerAnglesHint.z
      value: 85
      objectReference: {fileID: 0}
    - target: {fileID: 3695142497767419589, guid: 9315cf23c60921949a62e948236a9d8b,
        type: 3}
      propertyPath: m_LocalRotation.x
      value: -0
      objectReference: {fileID: 0}
    - target: {fileID: 3695142497767419589, guid: 9315cf23c60921949a62e948236a9d8b,
        type: 3}
      propertyPath: m_LocalRotation.y
      value: -0
      objectReference: {fileID: 0}
    - target: {fileID: 3695142497767419590, guid: 9315cf23c60921949a62e948236a9d8b,
        type: 3}
      propertyPath: m_SortingLayerID
      value: -315222945
      objectReference: {fileID: 0}
    - target: {fileID: 3695142497767419590, guid: 9315cf23c60921949a62e948236a9d8b,
        type: 3}
      propertyPath: m_SortingLayer
      value: 3
      objectReference: {fileID: 0}
    m_RemovedComponents: []
  m_SourcePrefab: {fileID: 100100000, guid: 9315cf23c60921949a62e948236a9d8b, type: 3}
--- !u!4 &3658114771057945308 stripped
Transform:
  m_CorrespondingSourceObject: {fileID: 3695142497767419589, guid: 9315cf23c60921949a62e948236a9d8b,
    type: 3}
  m_PrefabInstance: {fileID: 109199674789119001}
  m_PrefabAsset: {fileID: 0}
--- !u!1001 &109199674915632547
PrefabInstance:
  m_ObjectHideFlags: 0
  serializedVersion: 2
  m_Modification:
    m_TransformParent: {fileID: 109199675338355838}
    m_Modifications:
    - target: {fileID: 1879243505633702252, guid: 033f3f7d0cd8c2f4ebe62f406efe76b9,
        type: 3}
      propertyPath: m_Name
      value: SmallPlatform_Green4
      objectReference: {fileID: 0}
    - target: {fileID: 1879243505633702252, guid: 033f3f7d0cd8c2f4ebe62f406efe76b9,
        type: 3}
      propertyPath: m_TagString
      value: Platform
      objectReference: {fileID: 0}
    - target: {fileID: 1879243505633702254, guid: 033f3f7d0cd8c2f4ebe62f406efe76b9,
        type: 3}
      propertyPath: m_LocalPosition.x
      value: -39
      objectReference: {fileID: 0}
    - target: {fileID: 1879243505633702254, guid: 033f3f7d0cd8c2f4ebe62f406efe76b9,
        type: 3}
      propertyPath: m_LocalPosition.y
      value: -5.7
      objectReference: {fileID: 0}
    - target: {fileID: 1879243505633702254, guid: 033f3f7d0cd8c2f4ebe62f406efe76b9,
        type: 3}
      propertyPath: m_LocalPosition.z
      value: 57.983093
      objectReference: {fileID: 0}
    - target: {fileID: 1879243505633702254, guid: 033f3f7d0cd8c2f4ebe62f406efe76b9,
        type: 3}
      propertyPath: m_RootOrder
      value: 6
      objectReference: {fileID: 0}
    - target: {fileID: 1879243505633702254, guid: 033f3f7d0cd8c2f4ebe62f406efe76b9,
        type: 3}
      propertyPath: m_LocalEulerAnglesHint.x
      value: 0
      objectReference: {fileID: 0}
    - target: {fileID: 1879243505633702254, guid: 033f3f7d0cd8c2f4ebe62f406efe76b9,
        type: 3}
      propertyPath: m_LocalEulerAnglesHint.y
      value: 0
      objectReference: {fileID: 0}
    - target: {fileID: 1879243505633702254, guid: 033f3f7d0cd8c2f4ebe62f406efe76b9,
        type: 3}
      propertyPath: m_LocalEulerAnglesHint.z
      value: 88
      objectReference: {fileID: 0}
    - target: {fileID: 1879243505633702254, guid: 033f3f7d0cd8c2f4ebe62f406efe76b9,
        type: 3}
      propertyPath: m_LocalRotation.x
      value: -0
      objectReference: {fileID: 0}
    - target: {fileID: 1879243505633702254, guid: 033f3f7d0cd8c2f4ebe62f406efe76b9,
        type: 3}
      propertyPath: m_LocalRotation.y
      value: -0
      objectReference: {fileID: 0}
    - target: {fileID: 1879243505633702255, guid: 033f3f7d0cd8c2f4ebe62f406efe76b9,
        type: 3}
      propertyPath: m_SortingLayerID
      value: -315222945
      objectReference: {fileID: 0}
    - target: {fileID: 1879243505633702255, guid: 033f3f7d0cd8c2f4ebe62f406efe76b9,
        type: 3}
      propertyPath: m_SortingLayer
      value: 3
      objectReference: {fileID: 0}
    - target: {fileID: 1879243505633702255, guid: 033f3f7d0cd8c2f4ebe62f406efe76b9,
        type: 3}
      propertyPath: m_SortingOrder
      value: 2
      objectReference: {fileID: 0}
    m_RemovedComponents: []
  m_SourcePrefab: {fileID: 100100000, guid: 033f3f7d0cd8c2f4ebe62f406efe76b9, type: 3}
--- !u!4 &1988232052011336909 stripped
Transform:
  m_CorrespondingSourceObject: {fileID: 1879243505633702254, guid: 033f3f7d0cd8c2f4ebe62f406efe76b9,
    type: 3}
  m_PrefabInstance: {fileID: 109199674915632547}
  m_PrefabAsset: {fileID: 0}
--- !u!1001 &109199675077568896
PrefabInstance:
  m_ObjectHideFlags: 0
  serializedVersion: 2
  m_Modification:
    m_TransformParent: {fileID: 109199675338355838}
    m_Modifications:
    - target: {fileID: 1879243505633702252, guid: 033f3f7d0cd8c2f4ebe62f406efe76b9,
        type: 3}
      propertyPath: m_Name
      value: SmallPlatform_Green1
      objectReference: {fileID: 0}
    - target: {fileID: 1879243505633702252, guid: 033f3f7d0cd8c2f4ebe62f406efe76b9,
        type: 3}
      propertyPath: m_TagString
      value: Platform
      objectReference: {fileID: 0}
    - target: {fileID: 1879243505633702254, guid: 033f3f7d0cd8c2f4ebe62f406efe76b9,
        type: 3}
      propertyPath: m_LocalPosition.x
      value: -66.53
      objectReference: {fileID: 0}
    - target: {fileID: 1879243505633702254, guid: 033f3f7d0cd8c2f4ebe62f406efe76b9,
        type: 3}
      propertyPath: m_LocalPosition.y
      value: -3.44
      objectReference: {fileID: 0}
    - target: {fileID: 1879243505633702254, guid: 033f3f7d0cd8c2f4ebe62f406efe76b9,
        type: 3}
      propertyPath: m_LocalPosition.z
      value: 57.983093
      objectReference: {fileID: 0}
    - target: {fileID: 1879243505633702254, guid: 033f3f7d0cd8c2f4ebe62f406efe76b9,
        type: 3}
      propertyPath: m_RootOrder
      value: 2
      objectReference: {fileID: 0}
    - target: {fileID: 1879243505633702254, guid: 033f3f7d0cd8c2f4ebe62f406efe76b9,
        type: 3}
      propertyPath: m_LocalEulerAnglesHint.x
      value: 0
      objectReference: {fileID: 0}
    - target: {fileID: 1879243505633702254, guid: 033f3f7d0cd8c2f4ebe62f406efe76b9,
        type: 3}
      propertyPath: m_LocalEulerAnglesHint.y
      value: 0
      objectReference: {fileID: 0}
    - target: {fileID: 1879243505633702254, guid: 033f3f7d0cd8c2f4ebe62f406efe76b9,
        type: 3}
      propertyPath: m_LocalEulerAnglesHint.z
      value: 88
      objectReference: {fileID: 0}
    - target: {fileID: 1879243505633702254, guid: 033f3f7d0cd8c2f4ebe62f406efe76b9,
        type: 3}
      propertyPath: m_LocalRotation.x
      value: -0
      objectReference: {fileID: 0}
    - target: {fileID: 1879243505633702254, guid: 033f3f7d0cd8c2f4ebe62f406efe76b9,
        type: 3}
      propertyPath: m_LocalRotation.y
      value: -0
      objectReference: {fileID: 0}
    - target: {fileID: 1879243505633702255, guid: 033f3f7d0cd8c2f4ebe62f406efe76b9,
        type: 3}
      propertyPath: m_SortingLayerID
      value: -315222945
      objectReference: {fileID: 0}
    - target: {fileID: 1879243505633702255, guid: 033f3f7d0cd8c2f4ebe62f406efe76b9,
        type: 3}
      propertyPath: m_SortingLayer
      value: 3
      objectReference: {fileID: 0}
    - target: {fileID: 1879243505633702255, guid: 033f3f7d0cd8c2f4ebe62f406efe76b9,
        type: 3}
      propertyPath: m_SortingOrder
      value: 2
      objectReference: {fileID: 0}
    m_RemovedComponents: []
  m_SourcePrefab: {fileID: 100100000, guid: 033f3f7d0cd8c2f4ebe62f406efe76b9, type: 3}
--- !u!4 &1988232051846256878 stripped
Transform:
  m_CorrespondingSourceObject: {fileID: 1879243505633702254, guid: 033f3f7d0cd8c2f4ebe62f406efe76b9,
    type: 3}
  m_PrefabInstance: {fileID: 109199675077568896}
  m_PrefabAsset: {fileID: 0}
--- !u!1001 &109199675347142342
PrefabInstance:
  m_ObjectHideFlags: 0
  serializedVersion: 2
  m_Modification:
    m_TransformParent: {fileID: 109199675338355838}
    m_Modifications:
    - target: {fileID: 1879243505633702252, guid: 033f3f7d0cd8c2f4ebe62f406efe76b9,
        type: 3}
      propertyPath: m_Name
      value: SmallPlatform_Green5
      objectReference: {fileID: 0}
    - target: {fileID: 1879243505633702252, guid: 033f3f7d0cd8c2f4ebe62f406efe76b9,
        type: 3}
      propertyPath: m_TagString
      value: Platform
      objectReference: {fileID: 0}
    - target: {fileID: 1879243505633702254, guid: 033f3f7d0cd8c2f4ebe62f406efe76b9,
        type: 3}
      propertyPath: m_LocalPosition.x
      value: -29.060001
      objectReference: {fileID: 0}
    - target: {fileID: 1879243505633702254, guid: 033f3f7d0cd8c2f4ebe62f406efe76b9,
        type: 3}
      propertyPath: m_LocalPosition.y
      value: -3.3000002
      objectReference: {fileID: 0}
    - target: {fileID: 1879243505633702254, guid: 033f3f7d0cd8c2f4ebe62f406efe76b9,
        type: 3}
      propertyPath: m_LocalPosition.z
      value: 57.983093
      objectReference: {fileID: 0}
    - target: {fileID: 1879243505633702254, guid: 033f3f7d0cd8c2f4ebe62f406efe76b9,
        type: 3}
      propertyPath: m_RootOrder
      value: 7
      objectReference: {fileID: 0}
    - target: {fileID: 1879243505633702254, guid: 033f3f7d0cd8c2f4ebe62f406efe76b9,
        type: 3}
      propertyPath: m_LocalEulerAnglesHint.x
      value: 0
      objectReference: {fileID: 0}
    - target: {fileID: 1879243505633702254, guid: 033f3f7d0cd8c2f4ebe62f406efe76b9,
        type: 3}
      propertyPath: m_LocalEulerAnglesHint.y
      value: 0
      objectReference: {fileID: 0}
    - target: {fileID: 1879243505633702254, guid: 033f3f7d0cd8c2f4ebe62f406efe76b9,
        type: 3}
      propertyPath: m_LocalEulerAnglesHint.z
      value: 88
      objectReference: {fileID: 0}
    - target: {fileID: 1879243505633702254, guid: 033f3f7d0cd8c2f4ebe62f406efe76b9,
        type: 3}
      propertyPath: m_LocalRotation.x
      value: -0
      objectReference: {fileID: 0}
    - target: {fileID: 1879243505633702254, guid: 033f3f7d0cd8c2f4ebe62f406efe76b9,
        type: 3}
      propertyPath: m_LocalRotation.y
      value: -0
      objectReference: {fileID: 0}
    - target: {fileID: 1879243505633702255, guid: 033f3f7d0cd8c2f4ebe62f406efe76b9,
        type: 3}
      propertyPath: m_SortingLayerID
      value: -315222945
      objectReference: {fileID: 0}
    - target: {fileID: 1879243505633702255, guid: 033f3f7d0cd8c2f4ebe62f406efe76b9,
        type: 3}
      propertyPath: m_SortingLayer
      value: 3
      objectReference: {fileID: 0}
    - target: {fileID: 1879243505633702255, guid: 033f3f7d0cd8c2f4ebe62f406efe76b9,
        type: 3}
      propertyPath: m_SortingOrder
      value: 2
      objectReference: {fileID: 0}
    m_RemovedComponents: []
  m_SourcePrefab: {fileID: 100100000, guid: 033f3f7d0cd8c2f4ebe62f406efe76b9, type: 3}
--- !u!4 &1988232051578779560 stripped
Transform:
  m_CorrespondingSourceObject: {fileID: 1879243505633702254, guid: 033f3f7d0cd8c2f4ebe62f406efe76b9,
    type: 3}
  m_PrefabInstance: {fileID: 109199675347142342}
  m_PrefabAsset: {fileID: 0}
--- !u!1001 &109199675445666352
PrefabInstance:
  m_ObjectHideFlags: 0
  serializedVersion: 2
  m_Modification:
    m_TransformParent: {fileID: 109199675338355838}
    m_Modifications:
    - target: {fileID: 1353401441526620272, guid: 724cd37e91db3c847ad821f14ec351f1,
        type: 3}
      propertyPath: m_Name
      value: LargePlatform_Green
      objectReference: {fileID: 0}
    - target: {fileID: 1353401441526620274, guid: 724cd37e91db3c847ad821f14ec351f1,
        type: 3}
      propertyPath: m_LocalPosition.x
      value: 9.7149315
      objectReference: {fileID: 0}
    - target: {fileID: 1353401441526620274, guid: 724cd37e91db3c847ad821f14ec351f1,
        type: 3}
      propertyPath: m_LocalPosition.y
      value: -2.07509
      objectReference: {fileID: 0}
    - target: {fileID: 1353401441526620274, guid: 724cd37e91db3c847ad821f14ec351f1,
        type: 3}
      propertyPath: m_LocalPosition.z
      value: 57.983093
      objectReference: {fileID: 0}
    - target: {fileID: 1353401441526620274, guid: 724cd37e91db3c847ad821f14ec351f1,
        type: 3}
      propertyPath: m_LocalRotation.x
      value: -0
      objectReference: {fileID: 0}
    - target: {fileID: 1353401441526620274, guid: 724cd37e91db3c847ad821f14ec351f1,
        type: 3}
      propertyPath: m_LocalRotation.y
      value: -0
      objectReference: {fileID: 0}
    - target: {fileID: 1353401441526620274, guid: 724cd37e91db3c847ad821f14ec351f1,
        type: 3}
      propertyPath: m_LocalRotation.z
      value: 0.6819983
      objectReference: {fileID: 0}
    - target: {fileID: 1353401441526620274, guid: 724cd37e91db3c847ad821f14ec351f1,
        type: 3}
      propertyPath: m_LocalRotation.w
      value: 0.7313538
      objectReference: {fileID: 0}
    - target: {fileID: 1353401441526620274, guid: 724cd37e91db3c847ad821f14ec351f1,
        type: 3}
      propertyPath: m_RootOrder
      value: 0
      objectReference: {fileID: 0}
    - target: {fileID: 1353401441526620274, guid: 724cd37e91db3c847ad821f14ec351f1,
        type: 3}
      propertyPath: m_LocalEulerAnglesHint.x
      value: 0
      objectReference: {fileID: 0}
    - target: {fileID: 1353401441526620274, guid: 724cd37e91db3c847ad821f14ec351f1,
        type: 3}
      propertyPath: m_LocalEulerAnglesHint.y
      value: 0
      objectReference: {fileID: 0}
    - target: {fileID: 1353401441526620274, guid: 724cd37e91db3c847ad821f14ec351f1,
        type: 3}
      propertyPath: m_LocalEulerAnglesHint.z
      value: 86
      objectReference: {fileID: 0}
    - target: {fileID: 1353401441526620275, guid: 724cd37e91db3c847ad821f14ec351f1,
        type: 3}
      propertyPath: m_SortingLayerID
      value: -315222945
      objectReference: {fileID: 0}
    - target: {fileID: 1353401441526620275, guid: 724cd37e91db3c847ad821f14ec351f1,
        type: 3}
      propertyPath: m_SortingLayer
      value: 3
      objectReference: {fileID: 0}
    m_RemovedComponents: []
  m_SourcePrefab: {fileID: 100100000, guid: 724cd37e91db3c847ad821f14ec351f1, type: 3}
--- !u!4 &1390429169413046850 stripped
Transform:
  m_CorrespondingSourceObject: {fileID: 1353401441526620274, guid: 724cd37e91db3c847ad821f14ec351f1,
    type: 3}
  m_PrefabInstance: {fileID: 109199675445666352}
  m_PrefabAsset: {fileID: 0}
--- !u!1001 &109199675591987729
PrefabInstance:
  m_ObjectHideFlags: 0
  serializedVersion: 2
  m_Modification:
    m_TransformParent: {fileID: 109199675338355838}
    m_Modifications:
    - target: {fileID: 6270305318111323265, guid: 824d59a04096933449f64533c4a59f95,
        type: 3}
      propertyPath: m_Name
      value: MediumSpikedPlatform_Green1
      objectReference: {fileID: 0}
    - target: {fileID: 6270305318111323279, guid: 824d59a04096933449f64533c4a59f95,
        type: 3}
      propertyPath: m_LocalPosition.x
      value: -49.030003
      objectReference: {fileID: 0}
    - target: {fileID: 6270305318111323279, guid: 824d59a04096933449f64533c4a59f95,
        type: 3}
      propertyPath: m_LocalPosition.y
      value: -1.4500002
      objectReference: {fileID: 0}
    - target: {fileID: 6270305318111323279, guid: 824d59a04096933449f64533c4a59f95,
        type: 3}
      propertyPath: m_LocalPosition.z
      value: 57.983093
      objectReference: {fileID: 0}
    - target: {fileID: 6270305318111323279, guid: 824d59a04096933449f64533c4a59f95,
        type: 3}
      propertyPath: m_LocalRotation.x
      value: -0
      objectReference: {fileID: 0}
    - target: {fileID: 6270305318111323279, guid: 824d59a04096933449f64533c4a59f95,
        type: 3}
      propertyPath: m_LocalRotation.y
      value: -0
      objectReference: {fileID: 0}
    - target: {fileID: 6270305318111323279, guid: 824d59a04096933449f64533c4a59f95,
        type: 3}
      propertyPath: m_LocalRotation.z
      value: 0.6883546
      objectReference: {fileID: 0}
    - target: {fileID: 6270305318111323279, guid: 824d59a04096933449f64533c4a59f95,
        type: 3}
      propertyPath: m_LocalRotation.w
      value: 0.72537434
      objectReference: {fileID: 0}
    - target: {fileID: 6270305318111323279, guid: 824d59a04096933449f64533c4a59f95,
        type: 3}
      propertyPath: m_RootOrder
      value: 1
      objectReference: {fileID: 0}
    - target: {fileID: 6270305318111323279, guid: 824d59a04096933449f64533c4a59f95,
        type: 3}
      propertyPath: m_LocalEulerAnglesHint.x
      value: 0
      objectReference: {fileID: 0}
    - target: {fileID: 6270305318111323279, guid: 824d59a04096933449f64533c4a59f95,
        type: 3}
      propertyPath: m_LocalEulerAnglesHint.y
      value: 0
      objectReference: {fileID: 0}
    - target: {fileID: 6270305318111323279, guid: 824d59a04096933449f64533c4a59f95,
        type: 3}
      propertyPath: m_LocalEulerAnglesHint.z
      value: 87
      objectReference: {fileID: 0}
    - target: {fileID: 8609624441137781384, guid: 824d59a04096933449f64533c4a59f95,
        type: 3}
      propertyPath: scoring
      value: 
      objectReference: {fileID: 0}
    - target: {fileID: 8609624441137781384, guid: 824d59a04096933449f64533c4a59f95,
        type: 3}
      propertyPath: playerHealth
      value: 
      objectReference: {fileID: 0}
    - target: {fileID: 6270305318111323278, guid: 824d59a04096933449f64533c4a59f95,
        type: 3}
      propertyPath: m_SortingLayerID
      value: -315222945
      objectReference: {fileID: 0}
    - target: {fileID: 6270305318111323278, guid: 824d59a04096933449f64533c4a59f95,
        type: 3}
      propertyPath: m_SortingLayer
      value: 3
      objectReference: {fileID: 0}
    - target: {fileID: 6270305318111323278, guid: 824d59a04096933449f64533c4a59f95,
        type: 3}
      propertyPath: m_SortingOrder
      value: 2
      objectReference: {fileID: 0}
    m_RemovedComponents: []
  m_SourcePrefab: {fileID: 100100000, guid: 824d59a04096933449f64533c4a59f95, type: 3}
--- !u!4 &6235073094704903838 stripped
Transform:
  m_CorrespondingSourceObject: {fileID: 6270305318111323279, guid: 824d59a04096933449f64533c4a59f95,
    type: 3}
  m_PrefabInstance: {fileID: 109199675591987729}
  m_PrefabAsset: {fileID: 0}
--- !u!1001 &109199676055030394
PrefabInstance:
  m_ObjectHideFlags: 0
  serializedVersion: 2
  m_Modification:
    m_TransformParent: {fileID: 109199675338355838}
    m_Modifications:
    - target: {fileID: 1879243505633702252, guid: 033f3f7d0cd8c2f4ebe62f406efe76b9,
        type: 3}
      propertyPath: m_Name
      value: SmallPlatform_Green3
      objectReference: {fileID: 0}
    - target: {fileID: 1879243505633702252, guid: 033f3f7d0cd8c2f4ebe62f406efe76b9,
        type: 3}
      propertyPath: m_TagString
      value: Platform
      objectReference: {fileID: 0}
    - target: {fileID: 1879243505633702254, guid: 033f3f7d0cd8c2f4ebe62f406efe76b9,
        type: 3}
      propertyPath: m_LocalPosition.x
      value: -48.93
      objectReference: {fileID: 0}
    - target: {fileID: 1879243505633702254, guid: 033f3f7d0cd8c2f4ebe62f406efe76b9,
        type: 3}
      propertyPath: m_LocalPosition.y
      value: -7.85
      objectReference: {fileID: 0}
    - target: {fileID: 1879243505633702254, guid: 033f3f7d0cd8c2f4ebe62f406efe76b9,
        type: 3}
      propertyPath: m_LocalPosition.z
      value: 57.983093
      objectReference: {fileID: 0}
    - target: {fileID: 1879243505633702254, guid: 033f3f7d0cd8c2f4ebe62f406efe76b9,
        type: 3}
      propertyPath: m_RootOrder
      value: 4
      objectReference: {fileID: 0}
    - target: {fileID: 1879243505633702254, guid: 033f3f7d0cd8c2f4ebe62f406efe76b9,
        type: 3}
      propertyPath: m_LocalEulerAnglesHint.x
      value: 0
      objectReference: {fileID: 0}
    - target: {fileID: 1879243505633702254, guid: 033f3f7d0cd8c2f4ebe62f406efe76b9,
        type: 3}
      propertyPath: m_LocalEulerAnglesHint.y
      value: 0
      objectReference: {fileID: 0}
    - target: {fileID: 1879243505633702254, guid: 033f3f7d0cd8c2f4ebe62f406efe76b9,
        type: 3}
      propertyPath: m_LocalEulerAnglesHint.z
      value: 88
      objectReference: {fileID: 0}
    - target: {fileID: 1879243505633702254, guid: 033f3f7d0cd8c2f4ebe62f406efe76b9,
        type: 3}
      propertyPath: m_LocalRotation.x
      value: -0
      objectReference: {fileID: 0}
    - target: {fileID: 1879243505633702254, guid: 033f3f7d0cd8c2f4ebe62f406efe76b9,
        type: 3}
      propertyPath: m_LocalRotation.y
      value: -0
      objectReference: {fileID: 0}
    - target: {fileID: 1879243505633702255, guid: 033f3f7d0cd8c2f4ebe62f406efe76b9,
        type: 3}
      propertyPath: m_SortingLayerID
      value: -315222945
      objectReference: {fileID: 0}
    - target: {fileID: 1879243505633702255, guid: 033f3f7d0cd8c2f4ebe62f406efe76b9,
        type: 3}
      propertyPath: m_SortingLayer
      value: 3
      objectReference: {fileID: 0}
    - target: {fileID: 1879243505633702255, guid: 033f3f7d0cd8c2f4ebe62f406efe76b9,
        type: 3}
      propertyPath: m_SortingOrder
      value: 2
      objectReference: {fileID: 0}
    m_RemovedComponents: []
  m_SourcePrefab: {fileID: 100100000, guid: 033f3f7d0cd8c2f4ebe62f406efe76b9, type: 3}
--- !u!4 &1988232050869058324 stripped
Transform:
  m_CorrespondingSourceObject: {fileID: 1879243505633702254, guid: 033f3f7d0cd8c2f4ebe62f406efe76b9,
    type: 3}
  m_PrefabInstance: {fileID: 109199676055030394}
  m_PrefabAsset: {fileID: 0}
--- !u!1001 &109199676468762234
PrefabInstance:
  m_ObjectHideFlags: 0
  serializedVersion: 2
  m_Modification:
    m_TransformParent: {fileID: 109199675338355838}
    m_Modifications:
    - target: {fileID: 1879243505633702252, guid: 033f3f7d0cd8c2f4ebe62f406efe76b9,
        type: 3}
      propertyPath: m_Name
      value: SmallPlatform_Green7
      objectReference: {fileID: 0}
    - target: {fileID: 1879243505633702252, guid: 033f3f7d0cd8c2f4ebe62f406efe76b9,
        type: 3}
      propertyPath: m_TagString
      value: Platform
      objectReference: {fileID: 0}
    - target: {fileID: 1879243505633702254, guid: 033f3f7d0cd8c2f4ebe62f406efe76b9,
        type: 3}
      propertyPath: m_LocalPosition.x
      value: -8.040005
      objectReference: {fileID: 0}
    - target: {fileID: 1879243505633702254, guid: 033f3f7d0cd8c2f4ebe62f406efe76b9,
        type: 3}
      propertyPath: m_LocalPosition.y
      value: 1.8199997
      objectReference: {fileID: 0}
    - target: {fileID: 1879243505633702254, guid: 033f3f7d0cd8c2f4ebe62f406efe76b9,
        type: 3}
      propertyPath: m_LocalPosition.z
      value: 57.983093
      objectReference: {fileID: 0}
    - target: {fileID: 1879243505633702254, guid: 033f3f7d0cd8c2f4ebe62f406efe76b9,
        type: 3}
      propertyPath: m_RootOrder
      value: 10
      objectReference: {fileID: 0}
    - target: {fileID: 1879243505633702254, guid: 033f3f7d0cd8c2f4ebe62f406efe76b9,
        type: 3}
      propertyPath: m_LocalEulerAnglesHint.x
      value: 0
      objectReference: {fileID: 0}
    - target: {fileID: 1879243505633702254, guid: 033f3f7d0cd8c2f4ebe62f406efe76b9,
        type: 3}
      propertyPath: m_LocalEulerAnglesHint.y
      value: 0
      objectReference: {fileID: 0}
    - target: {fileID: 1879243505633702254, guid: 033f3f7d0cd8c2f4ebe62f406efe76b9,
        type: 3}
      propertyPath: m_LocalEulerAnglesHint.z
      value: 88
      objectReference: {fileID: 0}
    - target: {fileID: 1879243505633702254, guid: 033f3f7d0cd8c2f4ebe62f406efe76b9,
        type: 3}
      propertyPath: m_LocalRotation.x
      value: -0
      objectReference: {fileID: 0}
    - target: {fileID: 1879243505633702254, guid: 033f3f7d0cd8c2f4ebe62f406efe76b9,
        type: 3}
      propertyPath: m_LocalRotation.y
      value: -0
      objectReference: {fileID: 0}
    - target: {fileID: 1879243505633702255, guid: 033f3f7d0cd8c2f4ebe62f406efe76b9,
        type: 3}
      propertyPath: m_SortingLayerID
      value: -315222945
      objectReference: {fileID: 0}
    - target: {fileID: 1879243505633702255, guid: 033f3f7d0cd8c2f4ebe62f406efe76b9,
        type: 3}
      propertyPath: m_SortingLayer
      value: 3
      objectReference: {fileID: 0}
    - target: {fileID: 1879243505633702255, guid: 033f3f7d0cd8c2f4ebe62f406efe76b9,
        type: 3}
      propertyPath: m_SortingOrder
      value: 2
      objectReference: {fileID: 0}
    m_RemovedComponents: []
  m_SourcePrefab: {fileID: 100100000, guid: 033f3f7d0cd8c2f4ebe62f406efe76b9, type: 3}
--- !u!4 &1988232050452440852 stripped
Transform:
  m_CorrespondingSourceObject: {fileID: 1879243505633702254, guid: 033f3f7d0cd8c2f4ebe62f406efe76b9,
    type: 3}
  m_PrefabInstance: {fileID: 109199676468762234}
  m_PrefabAsset: {fileID: 0}
--- !u!1001 &109199676618125173
PrefabInstance:
  m_ObjectHideFlags: 0
  serializedVersion: 2
  m_Modification:
    m_TransformParent: {fileID: 109199675338355838}
    m_Modifications:
    - target: {fileID: 6270305318111323265, guid: 824d59a04096933449f64533c4a59f95,
        type: 3}
      propertyPath: m_Name
      value: MediumSpikedPlatform_Green3
      objectReference: {fileID: 0}
    - target: {fileID: 6270305318111323279, guid: 824d59a04096933449f64533c4a59f95,
        type: 3}
      propertyPath: m_LocalPosition.x
      value: -0.19506836
      objectReference: {fileID: 0}
    - target: {fileID: 6270305318111323279, guid: 824d59a04096933449f64533c4a59f95,
        type: 3}
      propertyPath: m_LocalPosition.y
      value: 1.1449101
      objectReference: {fileID: 0}
    - target: {fileID: 6270305318111323279, guid: 824d59a04096933449f64533c4a59f95,
        type: 3}
      propertyPath: m_LocalPosition.z
      value: 57.983093
      objectReference: {fileID: 0}
    - target: {fileID: 6270305318111323279, guid: 824d59a04096933449f64533c4a59f95,
        type: 3}
      propertyPath: m_LocalRotation.x
      value: -0
      objectReference: {fileID: 0}
    - target: {fileID: 6270305318111323279, guid: 824d59a04096933449f64533c4a59f95,
        type: 3}
      propertyPath: m_LocalRotation.y
      value: -0
      objectReference: {fileID: 0}
    - target: {fileID: 6270305318111323279, guid: 824d59a04096933449f64533c4a59f95,
        type: 3}
      propertyPath: m_LocalRotation.z
      value: 0.6883546
      objectReference: {fileID: 0}
    - target: {fileID: 6270305318111323279, guid: 824d59a04096933449f64533c4a59f95,
        type: 3}
      propertyPath: m_LocalRotation.w
      value: 0.72537434
      objectReference: {fileID: 0}
    - target: {fileID: 6270305318111323279, guid: 824d59a04096933449f64533c4a59f95,
        type: 3}
      propertyPath: m_RootOrder
      value: 11
      objectReference: {fileID: 0}
    - target: {fileID: 6270305318111323279, guid: 824d59a04096933449f64533c4a59f95,
        type: 3}
      propertyPath: m_LocalEulerAnglesHint.x
      value: 0
      objectReference: {fileID: 0}
    - target: {fileID: 6270305318111323279, guid: 824d59a04096933449f64533c4a59f95,
        type: 3}
      propertyPath: m_LocalEulerAnglesHint.y
      value: 0
      objectReference: {fileID: 0}
    - target: {fileID: 6270305318111323279, guid: 824d59a04096933449f64533c4a59f95,
        type: 3}
      propertyPath: m_LocalEulerAnglesHint.z
      value: 87
      objectReference: {fileID: 0}
    - target: {fileID: 6270305318111323279, guid: 824d59a04096933449f64533c4a59f95,
        type: 3}
      propertyPath: m_LocalScale.x
      value: 0.75
      objectReference: {fileID: 0}
    - target: {fileID: 6270305318111323279, guid: 824d59a04096933449f64533c4a59f95,
        type: 3}
      propertyPath: m_LocalScale.y
      value: 0.75
      objectReference: {fileID: 0}
    - target: {fileID: 6270305318111323279, guid: 824d59a04096933449f64533c4a59f95,
        type: 3}
      propertyPath: m_LocalScale.z
      value: 1
      objectReference: {fileID: 0}
    - target: {fileID: 8609624441137781384, guid: 824d59a04096933449f64533c4a59f95,
        type: 3}
      propertyPath: scoring
      value: 
      objectReference: {fileID: 0}
    - target: {fileID: 8609624441137781384, guid: 824d59a04096933449f64533c4a59f95,
        type: 3}
      propertyPath: playerHealth
      value: 
      objectReference: {fileID: 0}
    - target: {fileID: 6270305318111323278, guid: 824d59a04096933449f64533c4a59f95,
        type: 3}
      propertyPath: m_SortingLayerID
      value: -315222945
      objectReference: {fileID: 0}
    - target: {fileID: 6270305318111323278, guid: 824d59a04096933449f64533c4a59f95,
        type: 3}
      propertyPath: m_SortingLayer
      value: 3
      objectReference: {fileID: 0}
    - target: {fileID: 6270305318111323278, guid: 824d59a04096933449f64533c4a59f95,
        type: 3}
      propertyPath: m_SortingOrder
      value: 2
      objectReference: {fileID: 0}
    m_RemovedComponents: []
  m_SourcePrefab: {fileID: 100100000, guid: 824d59a04096933449f64533c4a59f95, type: 3}
--- !u!4 &6235073094750145530 stripped
Transform:
  m_CorrespondingSourceObject: {fileID: 6270305318111323279, guid: 824d59a04096933449f64533c4a59f95,
    type: 3}
  m_PrefabInstance: {fileID: 109199676618125173}
  m_PrefabAsset: {fileID: 0}
--- !u!1001 &711915738143032222
PrefabInstance:
  m_ObjectHideFlags: 0
  serializedVersion: 2
  m_Modification:
    m_TransformParent: {fileID: 5305762657541062679}
    m_Modifications:
    - target: {fileID: 5926211689818271949, guid: 8365c0d00ca766d4791adefd36af1b63,
        type: 3}
      propertyPath: m_Name
      value: SwingingRope2
      objectReference: {fileID: 0}
    - target: {fileID: 4072461675099208326, guid: 8365c0d00ca766d4791adefd36af1b63,
        type: 3}
      propertyPath: m_LocalPosition.x
      value: 110
      objectReference: {fileID: 0}
    - target: {fileID: 4072461675099208326, guid: 8365c0d00ca766d4791adefd36af1b63,
        type: 3}
      propertyPath: m_LocalPosition.y
      value: 4
      objectReference: {fileID: 0}
    - target: {fileID: 4072461675099208326, guid: 8365c0d00ca766d4791adefd36af1b63,
        type: 3}
      propertyPath: m_LocalPosition.z
      value: 0
      objectReference: {fileID: 0}
    - target: {fileID: 4072461675099208326, guid: 8365c0d00ca766d4791adefd36af1b63,
        type: 3}
      propertyPath: m_LocalRotation.x
      value: 0
      objectReference: {fileID: 0}
    - target: {fileID: 4072461675099208326, guid: 8365c0d00ca766d4791adefd36af1b63,
        type: 3}
      propertyPath: m_LocalRotation.y
      value: 0
      objectReference: {fileID: 0}
    - target: {fileID: 4072461675099208326, guid: 8365c0d00ca766d4791adefd36af1b63,
        type: 3}
      propertyPath: m_LocalRotation.z
      value: 0
      objectReference: {fileID: 0}
    - target: {fileID: 4072461675099208326, guid: 8365c0d00ca766d4791adefd36af1b63,
        type: 3}
      propertyPath: m_LocalRotation.w
      value: 1
      objectReference: {fileID: 0}
    - target: {fileID: 4072461675099208326, guid: 8365c0d00ca766d4791adefd36af1b63,
        type: 3}
      propertyPath: m_RootOrder
      value: 1
      objectReference: {fileID: 0}
    - target: {fileID: 4072461675099208326, guid: 8365c0d00ca766d4791adefd36af1b63,
        type: 3}
      propertyPath: m_LocalEulerAnglesHint.x
      value: 0
      objectReference: {fileID: 0}
    - target: {fileID: 4072461675099208326, guid: 8365c0d00ca766d4791adefd36af1b63,
        type: 3}
      propertyPath: m_LocalEulerAnglesHint.y
      value: 0.37500003
      objectReference: {fileID: 0}
    - target: {fileID: 4072461675099208326, guid: 8365c0d00ca766d4791adefd36af1b63,
        type: 3}
      propertyPath: m_LocalEulerAnglesHint.z
      value: 0
      objectReference: {fileID: 0}
    - target: {fileID: 5870330288469880431, guid: 8365c0d00ca766d4791adefd36af1b63,
        type: 3}
      propertyPath: m_ConnectedAnchor.y
      value: 8.025
      objectReference: {fileID: 0}
    - target: {fileID: 5870330288469880431, guid: 8365c0d00ca766d4791adefd36af1b63,
        type: 3}
      propertyPath: m_ConnectedAnchor.x
      value: 110
      objectReference: {fileID: 0}
    m_RemovedComponents: []
  m_SourcePrefab: {fileID: 100100000, guid: 8365c0d00ca766d4791adefd36af1b63, type: 3}
--- !u!4 &3559376178335234328 stripped
Transform:
  m_CorrespondingSourceObject: {fileID: 4072461675099208326, guid: 8365c0d00ca766d4791adefd36af1b63,
    type: 3}
  m_PrefabInstance: {fileID: 711915738143032222}
  m_PrefabAsset: {fileID: 0}
--- !u!1001 &3043891719629756017
PrefabInstance:
  m_ObjectHideFlags: 0
  serializedVersion: 2
  m_Modification:
    m_TransformParent: {fileID: 8542878131365141915}
    m_Modifications:
    - target: {fileID: 3650255503849435503, guid: 0dc35299e51a8ac49b075c253bfbde04,
        type: 3}
      propertyPath: m_Name
      value: Coin2
      objectReference: {fileID: 0}
    - target: {fileID: 3650255503849435474, guid: 0dc35299e51a8ac49b075c253bfbde04,
        type: 3}
      propertyPath: m_LocalPosition.x
      value: 103.33493
      objectReference: {fileID: 0}
    - target: {fileID: 3650255503849435474, guid: 0dc35299e51a8ac49b075c253bfbde04,
        type: 3}
      propertyPath: m_LocalPosition.y
      value: 5.13491
      objectReference: {fileID: 0}
    - target: {fileID: 3650255503849435474, guid: 0dc35299e51a8ac49b075c253bfbde04,
        type: 3}
      propertyPath: m_LocalPosition.z
      value: 0
      objectReference: {fileID: 0}
    - target: {fileID: 3650255503849435474, guid: 0dc35299e51a8ac49b075c253bfbde04,
        type: 3}
      propertyPath: m_LocalRotation.x
      value: 0
      objectReference: {fileID: 0}
    - target: {fileID: 3650255503849435474, guid: 0dc35299e51a8ac49b075c253bfbde04,
        type: 3}
      propertyPath: m_LocalRotation.y
      value: 0
      objectReference: {fileID: 0}
    - target: {fileID: 3650255503849435474, guid: 0dc35299e51a8ac49b075c253bfbde04,
        type: 3}
      propertyPath: m_LocalRotation.z
      value: 0
      objectReference: {fileID: 0}
    - target: {fileID: 3650255503849435474, guid: 0dc35299e51a8ac49b075c253bfbde04,
        type: 3}
      propertyPath: m_LocalRotation.w
      value: 1
      objectReference: {fileID: 0}
    - target: {fileID: 3650255503849435474, guid: 0dc35299e51a8ac49b075c253bfbde04,
        type: 3}
      propertyPath: m_RootOrder
      value: 1
      objectReference: {fileID: 0}
    - target: {fileID: 3650255503849435474, guid: 0dc35299e51a8ac49b075c253bfbde04,
        type: 3}
      propertyPath: m_LocalEulerAnglesHint.x
      value: 0
      objectReference: {fileID: 0}
    - target: {fileID: 3650255503849435474, guid: 0dc35299e51a8ac49b075c253bfbde04,
        type: 3}
      propertyPath: m_LocalEulerAnglesHint.y
      value: 0
      objectReference: {fileID: 0}
    - target: {fileID: 3650255503849435474, guid: 0dc35299e51a8ac49b075c253bfbde04,
        type: 3}
      propertyPath: m_LocalEulerAnglesHint.z
      value: 0
      objectReference: {fileID: 0}
    m_RemovedComponents: []
  m_SourcePrefab: {fileID: 100100000, guid: 0dc35299e51a8ac49b075c253bfbde04, type: 3}
--- !u!4 &1771677644167112483 stripped
Transform:
  m_CorrespondingSourceObject: {fileID: 3650255503849435474, guid: 0dc35299e51a8ac49b075c253bfbde04,
    type: 3}
  m_PrefabInstance: {fileID: 3043891719629756017}
  m_PrefabAsset: {fileID: 0}
--- !u!1001 &6257603639456661168
PrefabInstance:
  m_ObjectHideFlags: 0
  serializedVersion: 2
  m_Modification:
    m_TransformParent: {fileID: 8542878131365141915}
    m_Modifications:
    - target: {fileID: 709717794207476722, guid: 5fc3226158c42124d9cd6f16d4fb6f5a,
        type: 3}
      propertyPath: m_Name
      value: Health
      objectReference: {fileID: 0}
    - target: {fileID: 709717794207476721, guid: 5fc3226158c42124d9cd6f16d4fb6f5a,
        type: 3}
      propertyPath: m_LocalPosition.x
      value: 103.53493
      objectReference: {fileID: 0}
    - target: {fileID: 709717794207476721, guid: 5fc3226158c42124d9cd6f16d4fb6f5a,
        type: 3}
      propertyPath: m_LocalPosition.y
      value: 1.23491
      objectReference: {fileID: 0}
    - target: {fileID: 709717794207476721, guid: 5fc3226158c42124d9cd6f16d4fb6f5a,
        type: 3}
      propertyPath: m_LocalPosition.z
      value: 0
      objectReference: {fileID: 0}
    - target: {fileID: 709717794207476721, guid: 5fc3226158c42124d9cd6f16d4fb6f5a,
        type: 3}
      propertyPath: m_LocalRotation.x
      value: 0
      objectReference: {fileID: 0}
    - target: {fileID: 709717794207476721, guid: 5fc3226158c42124d9cd6f16d4fb6f5a,
        type: 3}
      propertyPath: m_LocalRotation.y
      value: 0
      objectReference: {fileID: 0}
    - target: {fileID: 709717794207476721, guid: 5fc3226158c42124d9cd6f16d4fb6f5a,
        type: 3}
      propertyPath: m_LocalRotation.z
      value: 0
      objectReference: {fileID: 0}
    - target: {fileID: 709717794207476721, guid: 5fc3226158c42124d9cd6f16d4fb6f5a,
        type: 3}
      propertyPath: m_LocalRotation.w
      value: 1
      objectReference: {fileID: 0}
    - target: {fileID: 709717794207476721, guid: 5fc3226158c42124d9cd6f16d4fb6f5a,
        type: 3}
      propertyPath: m_RootOrder
      value: 2
      objectReference: {fileID: 0}
    - target: {fileID: 709717794207476721, guid: 5fc3226158c42124d9cd6f16d4fb6f5a,
        type: 3}
      propertyPath: m_LocalEulerAnglesHint.x
      value: 0
      objectReference: {fileID: 0}
    - target: {fileID: 709717794207476721, guid: 5fc3226158c42124d9cd6f16d4fb6f5a,
        type: 3}
      propertyPath: m_LocalEulerAnglesHint.y
      value: 0
      objectReference: {fileID: 0}
    - target: {fileID: 709717794207476721, guid: 5fc3226158c42124d9cd6f16d4fb6f5a,
        type: 3}
      propertyPath: m_LocalEulerAnglesHint.z
      value: 0
      objectReference: {fileID: 0}
    m_RemovedComponents: []
  m_SourcePrefab: {fileID: 100100000, guid: 5fc3226158c42124d9cd6f16d4fb6f5a, type: 3}
--- !u!4 &6849436039757681985 stripped
Transform:
  m_CorrespondingSourceObject: {fileID: 709717794207476721, guid: 5fc3226158c42124d9cd6f16d4fb6f5a,
    type: 3}
  m_PrefabInstance: {fileID: 6257603639456661168}
  m_PrefabAsset: {fileID: 0}
--- !u!1001 &6977481274951471871
PrefabInstance:
  m_ObjectHideFlags: 0
  serializedVersion: 2
  m_Modification:
    m_TransformParent: {fileID: 5305762657541062679}
    m_Modifications:
    - target: {fileID: 5926211689818271949, guid: 8365c0d00ca766d4791adefd36af1b63,
        type: 3}
      propertyPath: m_Name
      value: SwingingRope1
      objectReference: {fileID: 0}
    - target: {fileID: 4072461675099208326, guid: 8365c0d00ca766d4791adefd36af1b63,
        type: 3}
      propertyPath: m_LocalPosition.x
      value: 7
      objectReference: {fileID: 0}
    - target: {fileID: 4072461675099208326, guid: 8365c0d00ca766d4791adefd36af1b63,
        type: 3}
      propertyPath: m_LocalPosition.y
      value: 4
      objectReference: {fileID: 0}
    - target: {fileID: 4072461675099208326, guid: 8365c0d00ca766d4791adefd36af1b63,
        type: 3}
      propertyPath: m_LocalPosition.z
      value: 0
      objectReference: {fileID: 0}
    - target: {fileID: 4072461675099208326, guid: 8365c0d00ca766d4791adefd36af1b63,
        type: 3}
      propertyPath: m_LocalRotation.x
      value: 0
      objectReference: {fileID: 0}
    - target: {fileID: 4072461675099208326, guid: 8365c0d00ca766d4791adefd36af1b63,
        type: 3}
      propertyPath: m_LocalRotation.y
      value: 0
      objectReference: {fileID: 0}
    - target: {fileID: 4072461675099208326, guid: 8365c0d00ca766d4791adefd36af1b63,
        type: 3}
      propertyPath: m_LocalRotation.z
      value: 0
      objectReference: {fileID: 0}
    - target: {fileID: 4072461675099208326, guid: 8365c0d00ca766d4791adefd36af1b63,
        type: 3}
      propertyPath: m_LocalRotation.w
      value: 1
      objectReference: {fileID: 0}
    - target: {fileID: 4072461675099208326, guid: 8365c0d00ca766d4791adefd36af1b63,
        type: 3}
      propertyPath: m_RootOrder
      value: 0
      objectReference: {fileID: 0}
    - target: {fileID: 4072461675099208326, guid: 8365c0d00ca766d4791adefd36af1b63,
        type: 3}
      propertyPath: m_LocalEulerAnglesHint.x
      value: 0
      objectReference: {fileID: 0}
    - target: {fileID: 4072461675099208326, guid: 8365c0d00ca766d4791adefd36af1b63,
        type: 3}
      propertyPath: m_LocalEulerAnglesHint.y
      value: 0.37500003
      objectReference: {fileID: 0}
    - target: {fileID: 4072461675099208326, guid: 8365c0d00ca766d4791adefd36af1b63,
        type: 3}
      propertyPath: m_LocalEulerAnglesHint.z
      value: 0
      objectReference: {fileID: 0}
    - target: {fileID: 5870330288469880431, guid: 8365c0d00ca766d4791adefd36af1b63,
        type: 3}
      propertyPath: m_ConnectedAnchor.y
      value: 8.025
      objectReference: {fileID: 0}
    - target: {fileID: 5870330288469880431, guid: 8365c0d00ca766d4791adefd36af1b63,
        type: 3}
      propertyPath: m_ConnectedAnchor.x
      value: 7
      objectReference: {fileID: 0}
    m_RemovedComponents: []
  m_SourcePrefab: {fileID: 100100000, guid: 8365c0d00ca766d4791adefd36af1b63, type: 3}
--- !u!4 &6363784259752306809 stripped
Transform:
  m_CorrespondingSourceObject: {fileID: 4072461675099208326, guid: 8365c0d00ca766d4791adefd36af1b63,
    type: 3}
  m_PrefabInstance: {fileID: 6977481274951471871}
  m_PrefabAsset: {fileID: 0}
--- !u!1001 &8754990479731238018
PrefabInstance:
  m_ObjectHideFlags: 0
  serializedVersion: 2
  m_Modification:
    m_TransformParent: {fileID: 8542878131365141915}
    m_Modifications:
    - target: {fileID: 3650255503849435503, guid: 0dc35299e51a8ac49b075c253bfbde04,
        type: 3}
      propertyPath: m_Name
      value: Coin1
      objectReference: {fileID: 0}
    - target: {fileID: 3650255503849435474, guid: 0dc35299e51a8ac49b075c253bfbde04,
        type: 3}
      propertyPath: m_LocalPosition.x
      value: 84.00943
      objectReference: {fileID: 0}
    - target: {fileID: 3650255503849435474, guid: 0dc35299e51a8ac49b075c253bfbde04,
        type: 3}
      propertyPath: m_LocalPosition.y
      value: 6.451229
      objectReference: {fileID: 0}
    - target: {fileID: 3650255503849435474, guid: 0dc35299e51a8ac49b075c253bfbde04,
        type: 3}
      propertyPath: m_LocalPosition.z
      value: 0
      objectReference: {fileID: 0}
    - target: {fileID: 3650255503849435474, guid: 0dc35299e51a8ac49b075c253bfbde04,
        type: 3}
      propertyPath: m_LocalRotation.x
      value: -0
      objectReference: {fileID: 0}
    - target: {fileID: 3650255503849435474, guid: 0dc35299e51a8ac49b075c253bfbde04,
        type: 3}
      propertyPath: m_LocalRotation.y
      value: -0
      objectReference: {fileID: 0}
    - target: {fileID: 3650255503849435474, guid: 0dc35299e51a8ac49b075c253bfbde04,
        type: 3}
      propertyPath: m_LocalRotation.z
      value: -0
      objectReference: {fileID: 0}
    - target: {fileID: 3650255503849435474, guid: 0dc35299e51a8ac49b075c253bfbde04,
        type: 3}
      propertyPath: m_LocalRotation.w
      value: 1
      objectReference: {fileID: 0}
    - target: {fileID: 3650255503849435474, guid: 0dc35299e51a8ac49b075c253bfbde04,
        type: 3}
      propertyPath: m_RootOrder
      value: 0
      objectReference: {fileID: 0}
    - target: {fileID: 3650255503849435474, guid: 0dc35299e51a8ac49b075c253bfbde04,
        type: 3}
      propertyPath: m_LocalEulerAnglesHint.x
      value: 0
      objectReference: {fileID: 0}
    - target: {fileID: 3650255503849435474, guid: 0dc35299e51a8ac49b075c253bfbde04,
        type: 3}
      propertyPath: m_LocalEulerAnglesHint.y
      value: 0
      objectReference: {fileID: 0}
    - target: {fileID: 3650255503849435474, guid: 0dc35299e51a8ac49b075c253bfbde04,
        type: 3}
      propertyPath: m_LocalEulerAnglesHint.z
      value: 0
      objectReference: {fileID: 0}
    m_RemovedComponents: []
  m_SourcePrefab: {fileID: 100100000, guid: 0dc35299e51a8ac49b075c253bfbde04, type: 3}
--- !u!4 &5465023035261228496 stripped
Transform:
  m_CorrespondingSourceObject: {fileID: 3650255503849435474, guid: 0dc35299e51a8ac49b075c253bfbde04,
    type: 3}
  m_PrefabInstance: {fileID: 8754990479731238018}
  m_PrefabAsset: {fileID: 0}
