%YAML 1.1
%TAG !u! tag:unity3d.com,2011:
--- !u!1 &4750682299033788875
GameObject:
  m_ObjectHideFlags: 0
  m_CorrespondingSourceObject: {fileID: 0}
  m_PrefabInstance: {fileID: 0}
  m_PrefabAsset: {fileID: 0}
  serializedVersion: 6
  m_Component:
  - component: {fileID: 4750682299033788917}
  - component: {fileID: 4750682299033788916}
  - component: {fileID: 6782158297289118065}
  - component: {fileID: 8257207263936981122}
  - component: {fileID: 4101745221418093204}
  m_Layer: 0
  m_Name: LargeSpikedPlatform_Green
  m_TagString: Untagged
  m_Icon: {fileID: 0}
  m_NavMeshLayer: 0
  m_StaticEditorFlags: 0
  m_IsActive: 1
--- !u!4 &4750682299033788917
Transform:
  m_ObjectHideFlags: 0
  m_CorrespondingSourceObject: {fileID: 0}
  m_PrefabInstance: {fileID: 0}
  m_PrefabAsset: {fileID: 0}
  m_GameObject: {fileID: 4750682299033788875}
  m_LocalRotation: {x: 0, y: 0, z: -0.026176924, w: 0.99965733}
  m_LocalPosition: {x: 31.316616, y: -8.461034, z: 0}
  m_LocalScale: {x: 1, y: 1, z: 1}
  m_Children: []
  m_Father: {fileID: 0}
  m_RootOrder: 0
  m_LocalEulerAnglesHint: {x: 0, y: 0, z: -3}
--- !u!212 &4750682299033788916
SpriteRenderer:
  m_ObjectHideFlags: 0
  m_CorrespondingSourceObject: {fileID: 0}
  m_PrefabInstance: {fileID: 0}
  m_PrefabAsset: {fileID: 0}
  m_GameObject: {fileID: 4750682299033788875}
  m_Enabled: 1
  m_CastShadows: 0
  m_ReceiveShadows: 0
  m_DynamicOccludee: 1
  m_MotionVectors: 1
  m_LightProbeUsage: 1
  m_ReflectionProbeUsage: 1
  m_RenderingLayerMask: 1
  m_RendererPriority: 0
  m_Materials:
  - {fileID: 10754, guid: 0000000000000000f000000000000000, type: 0}
  m_StaticBatchInfo:
    firstSubMesh: 0
    subMeshCount: 0
  m_StaticBatchRoot: {fileID: 0}
  m_ProbeAnchor: {fileID: 0}
  m_LightProbeVolumeOverride: {fileID: 0}
  m_ScaleInLightmap: 1
  m_PreserveUVs: 0
  m_IgnoreNormalsForChartDetection: 0
  m_ImportantGI: 0
  m_StitchLightmapSeams: 1
  m_SelectedEditorRenderState: 0
  m_MinimumChartSize: 4
  m_AutoUVMaxDistance: 0.5
  m_AutoUVMaxAngle: 89
  m_LightmapParameters: {fileID: 0}
  m_SortingLayerID: -315222945
  m_SortingLayer: 3
  m_SortingOrder: 2
  m_Sprite: {fileID: 7721174762244769466, guid: f1e99bed33a846045a84a1617c33d467,
    type: 3}
  m_Color: {r: 1, g: 1, b: 1, a: 1}
  m_FlipX: 0
  m_FlipY: 0
  m_DrawMode: 0
  m_Size: {x: 6.16, y: 11.061804}
  m_AdaptiveModeThreshold: 0.5
  m_SpriteTileMode: 0
  m_WasSpriteAssigned: 1
  m_MaskInteraction: 0
  m_SpriteSortPoint: 0
--- !u!50 &6782158297289118065
Rigidbody2D:
  serializedVersion: 4
  m_ObjectHideFlags: 0
  m_CorrespondingSourceObject: {fileID: 0}
  m_PrefabInstance: {fileID: 0}
  m_PrefabAsset: {fileID: 0}
  m_GameObject: {fileID: 4750682299033788875}
  m_BodyType: 2
  m_Simulated: 1
  m_UseFullKinematicContacts: 0
  m_UseAutoMass: 0
  m_Mass: 1
  m_LinearDrag: 0
  m_AngularDrag: 0.05
  m_GravityScale: 1
  m_Material: {fileID: 0}
  m_Interpolate: 0
  m_SleepingMode: 1
  m_CollisionDetection: 0
  m_Constraints: 0
--- !u!60 &8257207263936981122
PolygonCollider2D:
  m_ObjectHideFlags: 0
  m_CorrespondingSourceObject: {fileID: 0}
  m_PrefabInstance: {fileID: 0}
  m_PrefabAsset: {fileID: 0}
  m_GameObject: {fileID: 4750682299033788875}
  m_Enabled: 1
  m_Density: 1
  m_Material: {fileID: 0}
  m_IsTrigger: 0
  m_UsedByEffector: 0
  m_UsedByComposite: 0
  m_Offset: {x: 0, y: 0}
  m_SpriteTilingProperty:
    border: {x: 0, y: 0, z: 0, w: 0}
    pivot: {x: 0.5, y: 0.5}
    oldSize: {x: 6.16, y: 11.061804}
    newSize: {x: 6.16, y: 11.061804}
    adaptiveTilingThreshold: 0.5
    drawMode: 0
    adaptiveTiling: 0
  m_AutoTiling: 0
  m_Points:
    m_Paths:
    - - {x: -0.7337133, y: -4.8108826}
      - {x: -0.53358305, y: -5.117749}
      - {x: -0.28008467, y: -5.4646416}
      - {x: -0.21337458, y: -5.5180097}
      - {x: -0.14666449, y: -5.5180097}
      - {x: -0.06661238, y: -5.4112735}
      - {x: 0.040123776, y: -5.211143}
      - {x: 0.2802801, y: -4.66412}
      - {x: 0.37367424, y: -4.8242245}
      - {x: 0.6405146, y: -5.2244854}
      - {x: 0.77393484, y: -5.3979316}
      - {x: 0.84064496, y: -5.3979316}
      - {x: 0.88067096, y: -5.3712473}
      - {x: 0.98740715, y: -5.184459}
      - {x: 1.2275635, y: -4.610752}
      - {x: 1.3342997, y: -4.8509088}
      - {x: 1.7612443, y: -5.4379573}
      - {x: 1.8412963, y: -5.4512997}
      - {x: 1.9213485, y: -5.3579054}
      - {x: 1.9613745, y: -5.197801}
      - {x: 2.1214788, y: -4.7041464}
      - {x: 2.1481628, y: -4.610752}
      - {x: 2.1615047, y: -4.5173583}
      - {x: 2.308267, y: -4.423964}
      - {x: 2.3349512, y: -4.3305697}
      - {x: 2.4683712, y: -4.250518}
      - {x: 2.6017914, y: -4.1304398}
      - {x: 3.0821042, y: -3.703495}
      - {x: 3.0821042, y: -3.610101}
      - {x: 3.0554202, y: -3.5433908}
      - {x: 2.922, y: -3.4766808}
      - {x: 2.5083973, y: -3.2231822}
      - {x: 2.374977, y: -3.1297882}
      - {x: 2.4550292, y: -3.0630782}
      - {x: 2.895316, y: -2.6227915}
      - {x: 2.975368, y: -2.5027132}
      - {x: 2.98871, y: -2.4626873}
      - {x: 2.975368, y: -2.422661}
      - {x: 2.85529, y: -2.302583}
      - {x: 2.254899, y: -1.7955862}
      - {x: 2.828606, y: -1.2218795}
      - {x: 2.948684, y: -1.0617752}
      - {x: 2.975368, y: -0.9950651}
      - {x: 2.8019218, y: -0.7949348}
      - {x: 2.294925, y: -0.4347003}
      - {x: 2.201531, y: -0.3012801}
      - {x: 2.374977, y: -0.1545179}
      - {x: 2.6551595, y: 0.13900651}
      - {x: 2.8819737, y: 0.37916285}
      - {x: 2.922, y: 0.44587296}
      - {x: 2.922, y: 0.5125831}
      - {x: 2.85529, y: 0.57929313}
      - {x: 2.7885797, y: 0.6326612}
      - {x: 2.2148728, y: 0.9662117}
      - {x: 2.1615047, y: 0.9795537}
      - {x: 2.6284754, y: 1.4465244}
      - {x: 2.8819737, y: 1.7400488}
      - {x: 2.895316, y: 1.7934169}
      - {x: 2.8152637, y: 1.886811}
      - {x: 2.3616352, y: 2.1803355}
      - {x: 2.174847, y: 2.3004136}
      - {x: 2.281583, y: 2.3671236}
      - {x: 2.7352116, y: 2.7673843}
      - {x: 2.8686318, y: 2.9008045}
      - {x: 2.8819737, y: 2.9541726}
      - {x: 2.8419478, y: 3.0342247}
      - {x: 2.4416873, y: 3.2476969}
      - {x: 2.174847, y: 3.354433}
      - {x: 2.4950552, y: 3.6212735}
      - {x: 2.7752378, y: 3.86143}
      - {x: 2.8686318, y: 3.954824}
      - {x: 2.85529, y: 4.021534}
      - {x: 2.7352116, y: 4.141612}
      - {x: 2.4016612, y: 4.3550844}
      - {x: 2.1615047, y: 4.501847}
      - {x: 2.0280845, y: 4.675293}
      - {x: 1.8679804, y: 4.848739}
      - {x: 1.6411661, y: 5.195632}
      - {x: 1.4677198, y: 5.435788}
      - {x: 1.3476417, y: 5.5425243}
      - {x: 1.3209577, y: 5.5425243}
      - {x: 1.2542475, y: 5.502498}
      - {x: 1.0140911, y: 5.195632}
      - {x: 0.8139609, y: 4.8353972}
      - {x: 0.7339088, y: 4.9421334}
      - {x: 0.38701627, y: 5.38242}
      - {x: 0.32030618, y: 5.435788}
      - {x: 0.2669381, y: 5.44913}
      - {x: 0.21357003, y: 5.4224463}
      - {x: 0.08014984, y: 5.2356577}
      - {x: -0.21337458, y: 4.8220553}
      - {x: -0.38682082, y: 4.9554753}
      - {x: -0.69368726, y: 5.342394}
      - {x: -0.81376547, y: 5.4758143}
      - {x: -0.85379153, y: 5.4758143}
      - {x: -0.9205016, y: 5.4224463}
      - {x: -1.0939479, y: 5.1289215}
      - {x: -1.214026, y: 4.9021072}
      - {x: -1.3074201, y: 4.795371}
      - {x: -1.4141563, y: 4.9421334}
      - {x: -1.7743908, y: 5.342394}
      - {x: -1.867785, y: 5.369078}
      - {x: -1.907811, y: 5.31571}
      - {x: -1.9478371, y: 5.222316}
      - {x: -2.1346254, y: 4.8220553}
      - {x: -2.2547035, y: 4.595241}
      - {x: -2.3480976, y: 4.5151887}
      - {x: -2.3614397, y: 4.3951106}
      - {x: -2.7883842, y: 4.19498}
      - {x: -3.0151987, y: 4.0348763}
      - {x: -3.0685668, y: 3.968166}
      - {x: -3.0685668, y: 3.888114}
      - {x: -2.8951204, y: 3.7146676}
      - {x: -2.681648, y: 3.5278795}
      - {x: -2.4014657, y: 3.314407}
      - {x: -2.6282802, y: 3.207671}
      - {x: -2.9084625, y: 3.0742507}
      - {x: -3.0552247, y: 2.9675145}
      - {x: -3.0552247, y: 2.9008045}
      - {x: -2.8817785, y: 2.7540424}
      - {x: -2.2813876, y: 2.3537817}
      - {x: -2.4148078, y: 2.2870717}
      - {x: -2.574912, y: 2.1936774}
      - {x: -2.9218044, y: 1.9535211}
      - {x: -2.9751725, y: 1.886811}
      - {x: -2.9885147, y: 1.7934169}
      - {x: -2.534886, y: 1.3531302}
      - {x: -2.2413616, y: 1.0996319}
      - {x: -2.4014657, y: 0.91284364}
      - {x: -2.681648, y: 0.7260554}
      - {x: -2.9084625, y: 0.5526091}
      - {x: -3.0151987, y: 0.43253094}
      - {x: -3.0151987, y: 0.37916285}
      - {x: -2.7750423, y: 0.11232247}
      - {x: -2.548228, y: -0.0744658}
      - {x: -2.2146776, y: -0.36799023}
      - {x: -2.4815178, y: -0.51475245}
      - {x: -2.9218044, y: -0.8349609}
      - {x: -3.0285406, y: -0.9683811}
      - {x: -3.0018566, y: -1.0350912}
      - {x: -2.6282802, y: -1.3819836}
      - {x: -2.2013354, y: -1.7822442}
      - {x: -2.1613095, y: -1.8089283}
      - {x: -2.5082018, y: -2.1291368}
      - {x: -2.7617002, y: -2.3426092}
      - {x: -2.8684363, y: -2.4626873}
      - {x: -2.8684363, y: -2.5293972}
      - {x: -2.735016, y: -2.7028437}
      - {x: -2.49486, y: -2.9163158}
      - {x: -2.1346254, y: -3.2498662}
      - {x: -2.0812573, y: -3.2898924}
      - {x: -2.2146776, y: -3.3832865}
      - {x: -2.681648, y: -3.8769412}
      - {x: -2.681648, y: -3.9569933}
      - {x: -2.2947295, y: -4.2772017}
      - {x: -1.9745212, y: -4.5173583}
      - {x: -1.9478371, y: -4.5840683}
      - {x: -1.8411009, y: -4.6774626}
      - {x: -1.7210227, y: -4.9176188}
      - {x: -1.6009446, y: -5.131091}
      - {x: -1.4008143, y: -5.4512997}
      - {x: -1.3074201, y: -5.5313516}
      - {x: -1.24071, y: -5.5313516}
      - {x: -1.1206319, y: -5.4112735}
      - {x: -1.0539218, y: -5.2911954}
      - {x: -0.8271075, y: -4.904277}
--- !u!114 &4101745221418093204
MonoBehaviour:
  m_ObjectHideFlags: 0
  m_CorrespondingSourceObject: {fileID: 0}
  m_PrefabInstance: {fileID: 0}
  m_PrefabAsset: {fileID: 0}
  m_GameObject: {fileID: 4750682299033788875}
  m_Enabled: 1
  m_EditorHideFlags: 0
  m_Script: {fileID: 11500000, guid: 2991a920af9b1404b8a64d7fdbc01f3e, type: 3}
  m_Name: 
  m_EditorClassIdentifier: 
