%YAML 1.1
%TAG !u! tag:unity3d.com,2011:
--- !u!29 &1
OcclusionCullingSettings:
  m_ObjectHideFlags: 0
  serializedVersion: 2
  m_OcclusionBakeSettings:
    smallestOccluder: 5
    smallestHole: 0.25
    backfaceThreshold: 100
  m_SceneGUID: 00000000000000000000000000000000
  m_OcclusionCullingData: {fileID: 0}
--- !u!104 &2
RenderSettings:
  m_ObjectHideFlags: 0
  serializedVersion: 9
  m_Fog: 0
  m_FogColor: {r: 0.5, g: 0.5, b: 0.5, a: 1}
  m_FogMode: 3
  m_FogDensity: 0.01
  m_LinearFogStart: 0
  m_LinearFogEnd: 300
  m_AmbientSkyColor: {r: 0.212, g: 0.227, b: 0.259, a: 1}
  m_AmbientEquatorColor: {r: 0.114, g: 0.125, b: 0.133, a: 1}
  m_AmbientGroundColor: {r: 0.047, g: 0.043, b: 0.035, a: 1}
  m_AmbientIntensity: 1
  m_AmbientMode: 3
  m_SubtractiveShadowColor: {r: 0.42, g: 0.478, b: 0.627, a: 1}
  m_SkyboxMaterial: {fileID: 0}
  m_HaloStrength: 0.5
  m_FlareStrength: 1
  m_FlareFadeSpeed: 3
  m_HaloTexture: {fileID: 0}
  m_SpotCookie: {fileID: 10001, guid: 0000000000000000e000000000000000, type: 0}
  m_DefaultReflectionMode: 0
  m_DefaultReflectionResolution: 128
  m_ReflectionBounces: 1
  m_ReflectionIntensity: 1
  m_CustomReflection: {fileID: 0}
  m_Sun: {fileID: 0}
  m_IndirectSpecularColor: {r: 0, g: 0, b: 0, a: 1}
  m_UseRadianceAmbientProbe: 0
--- !u!157 &3
LightmapSettings:
  m_ObjectHideFlags: 0
  serializedVersion: 11
  m_GIWorkflowMode: 1
  m_GISettings:
    serializedVersion: 2
    m_BounceScale: 1
    m_IndirectOutputScale: 1
    m_AlbedoBoost: 1
    m_EnvironmentLightingMode: 0
    m_EnableBakedLightmaps: 0
    m_EnableRealtimeLightmaps: 0
  m_LightmapEditorSettings:
    serializedVersion: 12
    m_Resolution: 2
    m_BakeResolution: 40
    m_AtlasSize: 1024
    m_AO: 0
    m_AOMaxDistance: 1
    m_CompAOExponent: 1
    m_CompAOExponentDirect: 0
    m_ExtractAmbientOcclusion: 0
    m_Padding: 2
    m_LightmapParameters: {fileID: 0}
    m_LightmapsBakeMode: 1
    m_TextureCompression: 1
    m_FinalGather: 0
    m_FinalGatherFiltering: 1
    m_FinalGatherRayCount: 256
    m_ReflectionCompression: 2
    m_MixedBakeMode: 2
    m_BakeBackend: 1
    m_PVRSampling: 1
    m_PVRDirectSampleCount: 32
    m_PVRSampleCount: 512
    m_PVRBounces: 2
    m_PVREnvironmentSampleCount: 256
    m_PVREnvironmentReferencePointCount: 2048
    m_PVRFilteringMode: 1
    m_PVRDenoiserTypeDirect: 1
    m_PVRDenoiserTypeIndirect: 1
    m_PVRDenoiserTypeAO: 1
    m_PVRFilterTypeDirect: 0
    m_PVRFilterTypeIndirect: 0
    m_PVRFilterTypeAO: 0
    m_PVREnvironmentMIS: 1
    m_PVRCulling: 1
    m_PVRFilteringGaussRadiusDirect: 1
    m_PVRFilteringGaussRadiusIndirect: 5
    m_PVRFilteringGaussRadiusAO: 2
    m_PVRFilteringAtrousPositionSigmaDirect: 0.5
    m_PVRFilteringAtrousPositionSigmaIndirect: 2
    m_PVRFilteringAtrousPositionSigmaAO: 1
    m_ShowResolutionOverlay: 1
    m_ExportTrainingData: 0
  m_LightingDataAsset: {fileID: 0}
  m_UseShadowmask: 1
--- !u!196 &4
NavMeshSettings:
  serializedVersion: 2
  m_ObjectHideFlags: 0
  m_BuildSettings:
    serializedVersion: 2
    agentTypeID: 0
    agentRadius: 0.5
    agentHeight: 2
    agentSlope: 45
    agentClimb: 0.4
    ledgeDropHeight: 0
    maxJumpAcrossDistance: 0
    minRegionArea: 2
    manualCellSize: 0
    cellSize: 0.16666667
    manualTileSize: 0
    tileSize: 256
    accuratePlacement: 0
    debug:
      m_Flags: 0
  m_NavMeshData: {fileID: 0}
--- !u!1 &495921624 stripped
GameObject:
  m_CorrespondingSourceObject: {fileID: 1959021259616577773, guid: e61db00a23e90cc439f6d6aa5ab006c4,
    type: 3}
  m_PrefabInstance: {fileID: 1959021259692785973}
  m_PrefabAsset: {fileID: 0}
--- !u!1 &642358178
GameObject:
  m_ObjectHideFlags: 0
  m_CorrespondingSourceObject: {fileID: 0}
  m_PrefabInstance: {fileID: 0}
  m_PrefabAsset: {fileID: 0}
  serializedVersion: 6
  m_Component:
  - component: {fileID: 642358181}
  - component: {fileID: 642358180}
  - component: {fileID: 642358179}
  m_Layer: 0
  m_Name: Main Camera
  m_TagString: MainCamera
  m_Icon: {fileID: 0}
  m_NavMeshLayer: 0
  m_StaticEditorFlags: 0
  m_IsActive: 1
--- !u!81 &642358179
AudioListener:
  m_ObjectHideFlags: 0
  m_CorrespondingSourceObject: {fileID: 0}
  m_PrefabInstance: {fileID: 0}
  m_PrefabAsset: {fileID: 0}
  m_GameObject: {fileID: 642358178}
  m_Enabled: 1
--- !u!20 &642358180
Camera:
  m_ObjectHideFlags: 0
  m_CorrespondingSourceObject: {fileID: 0}
  m_PrefabInstance: {fileID: 0}
  m_PrefabAsset: {fileID: 0}
  m_GameObject: {fileID: 642358178}
  m_Enabled: 1
  serializedVersion: 2
  m_ClearFlags: 3
  m_BackGroundColor: {r: 0.19215687, g: 0.3019608, b: 0.4745098, a: 0}
  m_projectionMatrixMode: 1
  m_GateFitMode: 2
  m_FOVAxisMode: 0
  m_SensorSize: {x: 36, y: 24}
  m_LensShift: {x: 0, y: 0}
  m_FocalLength: 50
  m_NormalizedViewPortRect:
    serializedVersion: 2
    x: 0
    y: 0
    width: 1
    height: 1
  near clip plane: 0.3
  far clip plane: 1000
  field of view: 60
  orthographic: 1
  orthographic size: 15
  m_Depth: -1
  m_CullingMask:
    serializedVersion: 2
    m_Bits: 4294967295
  m_RenderingPath: -1
  m_TargetTexture: {fileID: 0}
  m_TargetDisplay: 0
  m_TargetEye: 3
  m_HDR: 1
  m_AllowMSAA: 1
  m_AllowDynamicResolution: 0
  m_ForceIntoRT: 0
  m_OcclusionCulling: 1
  m_StereoConvergence: 10
  m_StereoSeparation: 0.022
--- !u!4 &642358181
Transform:
  m_ObjectHideFlags: 0
  m_CorrespondingSourceObject: {fileID: 0}
  m_PrefabInstance: {fileID: 0}
  m_PrefabAsset: {fileID: 0}
  m_GameObject: {fileID: 642358178}
  m_LocalRotation: {x: 0, y: 0, z: 0, w: 1}
  m_LocalPosition: {x: 0, y: 0, z: -10}
  m_LocalScale: {x: 1, y: 1, z: 1}
  m_Children: []
  m_Father: {fileID: 0}
  m_RootOrder: 0
  m_LocalEulerAnglesHint: {x: 0, y: 0, z: 0}
--- !u!1 &1059536833
GameObject:
  m_ObjectHideFlags: 0
  m_CorrespondingSourceObject: {fileID: 0}
  m_PrefabInstance: {fileID: 0}
  m_PrefabAsset: {fileID: 0}
  serializedVersion: 6
  m_Component:
  - component: {fileID: 1059536836}
  - component: {fileID: 1059536835}
  - component: {fileID: 1059536834}
  m_Layer: 0
  m_Name: EventSystem
  m_TagString: Untagged
  m_Icon: {fileID: 0}
  m_NavMeshLayer: 0
  m_StaticEditorFlags: 0
  m_IsActive: 1
--- !u!114 &1059536834
MonoBehaviour:
  m_ObjectHideFlags: 0
  m_CorrespondingSourceObject: {fileID: 0}
  m_PrefabInstance: {fileID: 0}
  m_PrefabAsset: {fileID: 0}
  m_GameObject: {fileID: 1059536833}
  m_Enabled: 1
  m_EditorHideFlags: 0
  m_Script: {fileID: 1077351063, guid: f70555f144d8491a825f0804e09c671c, type: 3}
  m_Name: 
  m_EditorClassIdentifier: 
  m_HorizontalAxis: Horizontal
  m_VerticalAxis: Vertical
  m_SubmitButton: Submit
  m_CancelButton: Cancel
  m_InputActionsPerSecond: 10
  m_RepeatDelay: 0.5
  m_ForceModuleActive: 0
--- !u!114 &1059536835
MonoBehaviour:
  m_ObjectHideFlags: 0
  m_CorrespondingSourceObject: {fileID: 0}
  m_PrefabInstance: {fileID: 0}
  m_PrefabAsset: {fileID: 0}
  m_GameObject: {fileID: 1059536833}
  m_Enabled: 1
  m_EditorHideFlags: 0
  m_Script: {fileID: -619905303, guid: f70555f144d8491a825f0804e09c671c, type: 3}
  m_Name: 
  m_EditorClassIdentifier: 
  m_FirstSelected: {fileID: 0}
  m_sendNavigationEvents: 1
  m_DragThreshold: 10
--- !u!4 &1059536836
Transform:
  m_ObjectHideFlags: 0
  m_CorrespondingSourceObject: {fileID: 0}
  m_PrefabInstance: {fileID: 0}
  m_PrefabAsset: {fileID: 0}
  m_GameObject: {fileID: 1059536833}
  m_LocalRotation: {x: 0, y: 0, z: 0, w: 1}
  m_LocalPosition: {x: 0, y: 0, z: 0}
  m_LocalScale: {x: 1, y: 1, z: 1}
  m_Children: []
  m_Father: {fileID: 0}
  m_RootOrder: 2
  m_LocalEulerAnglesHint: {x: 0, y: 0, z: 0}
--- !u!1 &1134699311 stripped
GameObject:
  m_CorrespondingSourceObject: {fileID: 1959021258575143450, guid: e61db00a23e90cc439f6d6aa5ab006c4,
    type: 3}
  m_PrefabInstance: {fileID: 1959021259692785973}
  m_PrefabAsset: {fileID: 0}
--- !u!1 &1896728135 stripped
GameObject:
  m_CorrespondingSourceObject: {fileID: 1959021258869868402, guid: e61db00a23e90cc439f6d6aa5ab006c4,
    type: 3}
  m_PrefabInstance: {fileID: 1959021259692785973}
  m_PrefabAsset: {fileID: 0}
--- !u!1001 &1959021259692785973
PrefabInstance:
  m_ObjectHideFlags: 0
  serializedVersion: 2
  m_Modification:
    m_TransformParent: {fileID: 0}
    m_Modifications:
    - target: {fileID: 1959021260334816309, guid: e61db00a23e90cc439f6d6aa5ab006c4,
        type: 3}
      propertyPath: m_Name
      value: Canvas
      objectReference: {fileID: 0}
    - target: {fileID: 1959021259616577773, guid: e61db00a23e90cc439f6d6aa5ab006c4,
        type: 3}
      propertyPath: m_IsActive
      value: 1
      objectReference: {fileID: 0}
    - target: {fileID: 1959021258869868402, guid: e61db00a23e90cc439f6d6aa5ab006c4,
        type: 3}
      propertyPath: m_IsActive
      value: 1
      objectReference: {fileID: 0}
    - target: {fileID: 592929864342650794, guid: e61db00a23e90cc439f6d6aa5ab006c4,
        type: 3}
      propertyPath: m_AnchoredPosition.y
      value: 475
      objectReference: {fileID: 0}
    - target: {fileID: 6341882794681431779, guid: e61db00a23e90cc439f6d6aa5ab006c4,
        type: 3}
      propertyPath: m_FontData.m_FontSize
      value: 100
      objectReference: {fileID: 0}
    - target: {fileID: 6341882794681431779, guid: e61db00a23e90cc439f6d6aa5ab006c4,
        type: 3}
      propertyPath: m_FontData.m_MinSize
      value: 0
      objectReference: {fileID: 0}
    - target: {fileID: 6341882794681431779, guid: e61db00a23e90cc439f6d6aa5ab006c4,
        type: 3}
      propertyPath: m_FontData.m_MaxSize
      value: 100
      objectReference: {fileID: 0}
    - target: {fileID: 6341882794681431779, guid: e61db00a23e90cc439f6d6aa5ab006c4,
        type: 3}
      propertyPath: m_FontData.m_Alignment
      value: 4
      objectReference: {fileID: 0}
    - target: {fileID: 1959021260334816305, guid: e61db00a23e90cc439f6d6aa5ab006c4,
        type: 3}
      propertyPath: m_LocalPosition.x
      value: 0
      objectReference: {fileID: 0}
    - target: {fileID: 1959021260334816305, guid: e61db00a23e90cc439f6d6aa5ab006c4,
        type: 3}
      propertyPath: m_LocalPosition.y
      value: 0
      objectReference: {fileID: 0}
    - target: {fileID: 1959021260334816305, guid: e61db00a23e90cc439f6d6aa5ab006c4,
        type: 3}
      propertyPath: m_LocalPosition.z
      value: 0
      objectReference: {fileID: 0}
    - target: {fileID: 1959021260334816305, guid: e61db00a23e90cc439f6d6aa5ab006c4,
        type: 3}
      propertyPath: m_LocalRotation.x
      value: 0
      objectReference: {fileID: 0}
    - target: {fileID: 1959021260334816305, guid: e61db00a23e90cc439f6d6aa5ab006c4,
        type: 3}
      propertyPath: m_LocalRotation.y
      value: 0
      objectReference: {fileID: 0}
    - target: {fileID: 1959021260334816305, guid: e61db00a23e90cc439f6d6aa5ab006c4,
        type: 3}
      propertyPath: m_LocalRotation.z
      value: 0
      objectReference: {fileID: 0}
    - target: {fileID: 1959021260334816305, guid: e61db00a23e90cc439f6d6aa5ab006c4,
        type: 3}
      propertyPath: m_LocalRotation.w
      value: 1
      objectReference: {fileID: 0}
    - target: {fileID: 1959021260334816305, guid: e61db00a23e90cc439f6d6aa5ab006c4,
        type: 3}
      propertyPath: m_RootOrder
      value: 1
      objectReference: {fileID: 0}
    - target: {fileID: 1959021260334816305, guid: e61db00a23e90cc439f6d6aa5ab006c4,
        type: 3}
      propertyPath: m_LocalEulerAnglesHint.x
      value: 0
      objectReference: {fileID: 0}
    - target: {fileID: 1959021260334816305, guid: e61db00a23e90cc439f6d6aa5ab006c4,
        type: 3}
      propertyPath: m_LocalEulerAnglesHint.y
      value: 0
      objectReference: {fileID: 0}
    - target: {fileID: 1959021260334816305, guid: e61db00a23e90cc439f6d6aa5ab006c4,
        type: 3}
      propertyPath: m_LocalEulerAnglesHint.z
      value: 0
      objectReference: {fileID: 0}
    - target: {fileID: 1959021260334816305, guid: e61db00a23e90cc439f6d6aa5ab006c4,
        type: 3}
      propertyPath: m_AnchoredPosition.x
      value: 0
      objectReference: {fileID: 0}
    - target: {fileID: 1959021260334816305, guid: e61db00a23e90cc439f6d6aa5ab006c4,
        type: 3}
      propertyPath: m_AnchoredPosition.y
      value: 0
      objectReference: {fileID: 0}
    - target: {fileID: 1959021260334816305, guid: e61db00a23e90cc439f6d6aa5ab006c4,
        type: 3}
      propertyPath: m_SizeDelta.x
      value: 0
      objectReference: {fileID: 0}
    - target: {fileID: 1959021260334816305, guid: e61db00a23e90cc439f6d6aa5ab006c4,
        type: 3}
      propertyPath: m_SizeDelta.y
      value: 0
      objectReference: {fileID: 0}
    - target: {fileID: 1959021260334816305, guid: e61db00a23e90cc439f6d6aa5ab006c4,
        type: 3}
      propertyPath: m_AnchorMin.x
      value: 0
      objectReference: {fileID: 0}
    - target: {fileID: 1959021260334816305, guid: e61db00a23e90cc439f6d6aa5ab006c4,
        type: 3}
      propertyPath: m_AnchorMin.y
      value: 0
      objectReference: {fileID: 0}
    - target: {fileID: 1959021260334816305, guid: e61db00a23e90cc439f6d6aa5ab006c4,
        type: 3}
      propertyPath: m_AnchorMax.x
      value: 0
      objectReference: {fileID: 0}
    - target: {fileID: 1959021260334816305, guid: e61db00a23e90cc439f6d6aa5ab006c4,
        type: 3}
      propertyPath: m_AnchorMax.y
      value: 0
      objectReference: {fileID: 0}
    - target: {fileID: 1959021260334816305, guid: e61db00a23e90cc439f6d6aa5ab006c4,
        type: 3}
      propertyPath: m_Pivot.x
      value: 0
      objectReference: {fileID: 0}
    - target: {fileID: 1959021260334816305, guid: e61db00a23e90cc439f6d6aa5ab006c4,
        type: 3}
      propertyPath: m_Pivot.y
      value: 0
      objectReference: {fileID: 0}
    - target: {fileID: 1959021260334816310, guid: e61db00a23e90cc439f6d6aa5ab006c4,
        type: 3}
      propertyPath: m_Camera
      value: 
      objectReference: {fileID: 642358180}
    - target: {fileID: 1959021259803054208, guid: e61db00a23e90cc439f6d6aa5ab006c4,
        type: 3}
      propertyPath: m_AnchorMax.x
      value: 0
      objectReference: {fileID: 0}
    - target: {fileID: 1959021259803054208, guid: e61db00a23e90cc439f6d6aa5ab006c4,
        type: 3}
      propertyPath: m_AnchorMax.y
      value: 0
      objectReference: {fileID: 0}
    - target: {fileID: 1959021259803054208, guid: e61db00a23e90cc439f6d6aa5ab006c4,
        type: 3}
      propertyPath: m_SizeDelta.y
      value: 0
      objectReference: {fileID: 0}
    - target: {fileID: 1529789689602901162, guid: e61db00a23e90cc439f6d6aa5ab006c4,
        type: 3}
      propertyPath: m_SizeDelta.y
      value: 0
      objectReference: {fileID: 0}
    - target: {fileID: 7834415533097999841, guid: e61db00a23e90cc439f6d6aa5ab006c4,
        type: 3}
      propertyPath: m_AnchorMin.y
      value: 0
      objectReference: {fileID: 0}
    - target: {fileID: 7834415533097999841, guid: e61db00a23e90cc439f6d6aa5ab006c4,
        type: 3}
      propertyPath: m_AnchorMax.y
      value: 0
      objectReference: {fileID: 0}
    - target: {fileID: 7834415533097999841, guid: e61db00a23e90cc439f6d6aa5ab006c4,
        type: 3}
      propertyPath: m_AnchoredPosition.x
      value: 0
      objectReference: {fileID: 0}
    - target: {fileID: 7834415533097999841, guid: e61db00a23e90cc439f6d6aa5ab006c4,
        type: 3}
      propertyPath: m_AnchoredPosition.y
      value: 0
      objectReference: {fileID: 0}
    - target: {fileID: 7834415533097999841, guid: e61db00a23e90cc439f6d6aa5ab006c4,
        type: 3}
      propertyPath: m_SizeDelta.x
      value: 0
      objectReference: {fileID: 0}
    - target: {fileID: 7834415533097999841, guid: e61db00a23e90cc439f6d6aa5ab006c4,
        type: 3}
      propertyPath: m_SizeDelta.y
      value: 0
      objectReference: {fileID: 0}
    - target: {fileID: 1529789690712752580, guid: e61db00a23e90cc439f6d6aa5ab006c4,
        type: 3}
      propertyPath: m_AnchorMin.y
      value: 0
      objectReference: {fileID: 0}
    - target: {fileID: 1529789690712752580, guid: e61db00a23e90cc439f6d6aa5ab006c4,
        type: 3}
      propertyPath: m_AnchorMax.y
      value: 0
      objectReference: {fileID: 0}
    - target: {fileID: 1529789690712752580, guid: e61db00a23e90cc439f6d6aa5ab006c4,
        type: 3}
      propertyPath: m_AnchoredPosition.x
      value: 0
      objectReference: {fileID: 0}
    - target: {fileID: 1529789690712752580, guid: e61db00a23e90cc439f6d6aa5ab006c4,
        type: 3}
      propertyPath: m_AnchoredPosition.y
      value: 0
      objectReference: {fileID: 0}
    - target: {fileID: 1529789690712752580, guid: e61db00a23e90cc439f6d6aa5ab006c4,
        type: 3}
      propertyPath: m_SizeDelta.x
      value: 0
      objectReference: {fileID: 0}
    - target: {fileID: 1529789690712752580, guid: e61db00a23e90cc439f6d6aa5ab006c4,
        type: 3}
      propertyPath: m_SizeDelta.y
      value: 0
      objectReference: {fileID: 0}
    - target: {fileID: 6860519610329608260, guid: e61db00a23e90cc439f6d6aa5ab006c4,
        type: 3}
      propertyPath: m_AnchorMin.y
      value: 0
      objectReference: {fileID: 0}
    - target: {fileID: 6860519610329608260, guid: e61db00a23e90cc439f6d6aa5ab006c4,
        type: 3}
      propertyPath: m_AnchorMax.y
      value: 0
      objectReference: {fileID: 0}
    - target: {fileID: 6860519610329608260, guid: e61db00a23e90cc439f6d6aa5ab006c4,
        type: 3}
      propertyPath: m_AnchoredPosition.x
      value: 0
      objectReference: {fileID: 0}
    - target: {fileID: 6860519610329608260, guid: e61db00a23e90cc439f6d6aa5ab006c4,
        type: 3}
      propertyPath: m_AnchoredPosition.y
      value: 0
      objectReference: {fileID: 0}
    - target: {fileID: 6860519610329608260, guid: e61db00a23e90cc439f6d6aa5ab006c4,
        type: 3}
      propertyPath: m_SizeDelta.x
      value: 0
      objectReference: {fileID: 0}
    - target: {fileID: 6860519610329608260, guid: e61db00a23e90cc439f6d6aa5ab006c4,
        type: 3}
      propertyPath: m_SizeDelta.y
      value: 0
      objectReference: {fileID: 0}
    - target: {fileID: 1529789690220129499, guid: e61db00a23e90cc439f6d6aa5ab006c4,
        type: 3}
      propertyPath: m_AnchorMin.y
      value: 0
      objectReference: {fileID: 0}
    - target: {fileID: 1529789690220129499, guid: e61db00a23e90cc439f6d6aa5ab006c4,
        type: 3}
      propertyPath: m_AnchorMax.y
      value: 0
      objectReference: {fileID: 0}
    - target: {fileID: 1529789690220129499, guid: e61db00a23e90cc439f6d6aa5ab006c4,
        type: 3}
      propertyPath: m_AnchoredPosition.x
      value: 0
      objectReference: {fileID: 0}
    - target: {fileID: 1529789690220129499, guid: e61db00a23e90cc439f6d6aa5ab006c4,
        type: 3}
      propertyPath: m_AnchoredPosition.y
      value: 0
      objectReference: {fileID: 0}
    - target: {fileID: 1529789690220129499, guid: e61db00a23e90cc439f6d6aa5ab006c4,
        type: 3}
      propertyPath: m_SizeDelta.x
      value: 0
      objectReference: {fileID: 0}
    - target: {fileID: 1529789690220129499, guid: e61db00a23e90cc439f6d6aa5ab006c4,
        type: 3}
      propertyPath: m_SizeDelta.y
      value: 0
      objectReference: {fileID: 0}
    - target: {fileID: 1529789689566524419, guid: e61db00a23e90cc439f6d6aa5ab006c4,
        type: 3}
      propertyPath: m_AnchorMin.y
      value: 0
      objectReference: {fileID: 0}
    - target: {fileID: 1529789689566524419, guid: e61db00a23e90cc439f6d6aa5ab006c4,
        type: 3}
      propertyPath: m_AnchorMax.y
      value: 0
      objectReference: {fileID: 0}
    - target: {fileID: 1529789689566524419, guid: e61db00a23e90cc439f6d6aa5ab006c4,
        type: 3}
      propertyPath: m_AnchoredPosition.x
      value: 0
      objectReference: {fileID: 0}
    - target: {fileID: 1529789689566524419, guid: e61db00a23e90cc439f6d6aa5ab006c4,
        type: 3}
      propertyPath: m_AnchoredPosition.y
      value: 0
      objectReference: {fileID: 0}
    - target: {fileID: 1529789689566524419, guid: e61db00a23e90cc439f6d6aa5ab006c4,
        type: 3}
      propertyPath: m_SizeDelta.x
      value: 0
      objectReference: {fileID: 0}
    - target: {fileID: 1529789689566524419, guid: e61db00a23e90cc439f6d6aa5ab006c4,
        type: 3}
      propertyPath: m_SizeDelta.y
      value: 0
      objectReference: {fileID: 0}
    - target: {fileID: 1529789690398957379, guid: e61db00a23e90cc439f6d6aa5ab006c4,
        type: 3}
      propertyPath: m_AnchorMin.y
      value: 0
      objectReference: {fileID: 0}
    - target: {fileID: 1529789690398957379, guid: e61db00a23e90cc439f6d6aa5ab006c4,
        type: 3}
      propertyPath: m_AnchorMax.y
      value: 0
      objectReference: {fileID: 0}
    - target: {fileID: 1529789690398957379, guid: e61db00a23e90cc439f6d6aa5ab006c4,
        type: 3}
      propertyPath: m_AnchoredPosition.x
      value: 0
      objectReference: {fileID: 0}
    - target: {fileID: 1529789690398957379, guid: e61db00a23e90cc439f6d6aa5ab006c4,
        type: 3}
      propertyPath: m_AnchoredPosition.y
      value: 0
      objectReference: {fileID: 0}
    - target: {fileID: 1529789690398957379, guid: e61db00a23e90cc439f6d6aa5ab006c4,
        type: 3}
      propertyPath: m_SizeDelta.x
      value: 0
      objectReference: {fileID: 0}
    - target: {fileID: 1529789690398957379, guid: e61db00a23e90cc439f6d6aa5ab006c4,
        type: 3}
      propertyPath: m_SizeDelta.y
      value: 0
      objectReference: {fileID: 0}
    - target: {fileID: 1529789689271516133, guid: e61db00a23e90cc439f6d6aa5ab006c4,
        type: 3}
      propertyPath: m_AnchorMin.y
      value: 0
      objectReference: {fileID: 0}
    - target: {fileID: 1529789689271516133, guid: e61db00a23e90cc439f6d6aa5ab006c4,
        type: 3}
      propertyPath: m_AnchorMax.y
      value: 0
      objectReference: {fileID: 0}
    - target: {fileID: 1529789689271516133, guid: e61db00a23e90cc439f6d6aa5ab006c4,
        type: 3}
      propertyPath: m_AnchoredPosition.x
      value: 0
      objectReference: {fileID: 0}
    - target: {fileID: 1529789689271516133, guid: e61db00a23e90cc439f6d6aa5ab006c4,
        type: 3}
      propertyPath: m_AnchoredPosition.y
      value: 0
      objectReference: {fileID: 0}
    - target: {fileID: 1529789689271516133, guid: e61db00a23e90cc439f6d6aa5ab006c4,
        type: 3}
      propertyPath: m_SizeDelta.x
      value: 0
      objectReference: {fileID: 0}
    - target: {fileID: 1529789689271516133, guid: e61db00a23e90cc439f6d6aa5ab006c4,
        type: 3}
      propertyPath: m_SizeDelta.y
      value: 0
      objectReference: {fileID: 0}
    - target: {fileID: 1529789690816769745, guid: e61db00a23e90cc439f6d6aa5ab006c4,
        type: 3}
      propertyPath: m_AnchorMin.y
      value: 0
      objectReference: {fileID: 0}
    - target: {fileID: 1529789690816769745, guid: e61db00a23e90cc439f6d6aa5ab006c4,
        type: 3}
      propertyPath: m_AnchorMax.y
      value: 0
      objectReference: {fileID: 0}
    - target: {fileID: 1529789690816769745, guid: e61db00a23e90cc439f6d6aa5ab006c4,
        type: 3}
      propertyPath: m_AnchoredPosition.x
      value: 0
      objectReference: {fileID: 0}
    - target: {fileID: 1529789690816769745, guid: e61db00a23e90cc439f6d6aa5ab006c4,
        type: 3}
      propertyPath: m_AnchoredPosition.y
      value: 0
      objectReference: {fileID: 0}
    - target: {fileID: 1529789690816769745, guid: e61db00a23e90cc439f6d6aa5ab006c4,
        type: 3}
      propertyPath: m_SizeDelta.x
      value: 0
      objectReference: {fileID: 0}
    - target: {fileID: 1529789690816769745, guid: e61db00a23e90cc439f6d6aa5ab006c4,
        type: 3}
      propertyPath: m_SizeDelta.y
      value: 0
      objectReference: {fileID: 0}
    - target: {fileID: 2041996916517248656, guid: e61db00a23e90cc439f6d6aa5ab006c4,
        type: 3}
      propertyPath: m_AnchorMin.y
      value: 0
      objectReference: {fileID: 0}
    - target: {fileID: 2041996916517248656, guid: e61db00a23e90cc439f6d6aa5ab006c4,
        type: 3}
      propertyPath: m_AnchorMax.y
      value: 0
      objectReference: {fileID: 0}
    - target: {fileID: 2041996916517248656, guid: e61db00a23e90cc439f6d6aa5ab006c4,
        type: 3}
      propertyPath: m_AnchoredPosition.x
      value: 0
      objectReference: {fileID: 0}
    - target: {fileID: 2041996916517248656, guid: e61db00a23e90cc439f6d6aa5ab006c4,
        type: 3}
      propertyPath: m_AnchoredPosition.y
      value: 0
      objectReference: {fileID: 0}
    - target: {fileID: 2041996916517248656, guid: e61db00a23e90cc439f6d6aa5ab006c4,
        type: 3}
      propertyPath: m_SizeDelta.x
      value: 0
      objectReference: {fileID: 0}
    - target: {fileID: 2041996916517248656, guid: e61db00a23e90cc439f6d6aa5ab006c4,
        type: 3}
      propertyPath: m_SizeDelta.y
      value: 0
      objectReference: {fileID: 0}
    - target: {fileID: 3829246757286342933, guid: e61db00a23e90cc439f6d6aa5ab006c4,
        type: 3}
      propertyPath: m_AnchorMin.y
      value: 0
      objectReference: {fileID: 0}
    - target: {fileID: 3829246757286342933, guid: e61db00a23e90cc439f6d6aa5ab006c4,
        type: 3}
      propertyPath: m_AnchorMax.y
      value: 0
      objectReference: {fileID: 0}
    - target: {fileID: 3829246757286342933, guid: e61db00a23e90cc439f6d6aa5ab006c4,
        type: 3}
      propertyPath: m_AnchoredPosition.x
      value: 0
      objectReference: {fileID: 0}
    - target: {fileID: 3829246757286342933, guid: e61db00a23e90cc439f6d6aa5ab006c4,
        type: 3}
      propertyPath: m_AnchoredPosition.y
      value: 0
      objectReference: {fileID: 0}
    - target: {fileID: 3829246757286342933, guid: e61db00a23e90cc439f6d6aa5ab006c4,
        type: 3}
      propertyPath: m_SizeDelta.x
      value: 0
      objectReference: {fileID: 0}
    - target: {fileID: 3829246757286342933, guid: e61db00a23e90cc439f6d6aa5ab006c4,
        type: 3}
      propertyPath: m_SizeDelta.y
      value: 0
      objectReference: {fileID: 0}
    - target: {fileID: 3471435347705520154, guid: e61db00a23e90cc439f6d6aa5ab006c4,
        type: 3}
      propertyPath: m_AnchorMin.y
      value: 0
      objectReference: {fileID: 0}
    - target: {fileID: 3471435347705520154, guid: e61db00a23e90cc439f6d6aa5ab006c4,
        type: 3}
      propertyPath: m_AnchorMax.y
      value: 0
      objectReference: {fileID: 0}
    - target: {fileID: 3471435347705520154, guid: e61db00a23e90cc439f6d6aa5ab006c4,
        type: 3}
      propertyPath: m_AnchoredPosition.x
      value: 0
      objectReference: {fileID: 0}
    - target: {fileID: 3471435347705520154, guid: e61db00a23e90cc439f6d6aa5ab006c4,
        type: 3}
      propertyPath: m_AnchoredPosition.y
      value: 0
      objectReference: {fileID: 0}
    - target: {fileID: 3471435347705520154, guid: e61db00a23e90cc439f6d6aa5ab006c4,
        type: 3}
      propertyPath: m_SizeDelta.x
      value: 0
      objectReference: {fileID: 0}
    - target: {fileID: 3471435347705520154, guid: e61db00a23e90cc439f6d6aa5ab006c4,
        type: 3}
      propertyPath: m_SizeDelta.y
      value: 0
      objectReference: {fileID: 0}
    - target: {fileID: 3738676409029530730, guid: e61db00a23e90cc439f6d6aa5ab006c4,
        type: 3}
      propertyPath: m_SizeDelta.y
      value: 0
      objectReference: {fileID: 0}
    - target: {fileID: 3738676409936203772, guid: e61db00a23e90cc439f6d6aa5ab006c4,
        type: 3}
      propertyPath: m_AnchorMin.y
      value: 0
      objectReference: {fileID: 0}
    - target: {fileID: 3738676409936203772, guid: e61db00a23e90cc439f6d6aa5ab006c4,
        type: 3}
      propertyPath: m_AnchorMax.y
      value: 0
      objectReference: {fileID: 0}
    - target: {fileID: 3738676409936203772, guid: e61db00a23e90cc439f6d6aa5ab006c4,
        type: 3}
      propertyPath: m_AnchoredPosition.x
      value: 0
      objectReference: {fileID: 0}
    - target: {fileID: 3738676409936203772, guid: e61db00a23e90cc439f6d6aa5ab006c4,
        type: 3}
      propertyPath: m_AnchoredPosition.y
      value: 0
      objectReference: {fileID: 0}
    - target: {fileID: 3738676409936203772, guid: e61db00a23e90cc439f6d6aa5ab006c4,
        type: 3}
      propertyPath: m_SizeDelta.x
      value: 0
      objectReference: {fileID: 0}
    - target: {fileID: 3738676409936203772, guid: e61db00a23e90cc439f6d6aa5ab006c4,
        type: 3}
      propertyPath: m_SizeDelta.y
      value: 0
      objectReference: {fileID: 0}
    - target: {fileID: 3738676409538276200, guid: e61db00a23e90cc439f6d6aa5ab006c4,
        type: 3}
      propertyPath: m_AnchorMin.y
      value: 0
      objectReference: {fileID: 0}
    - target: {fileID: 3738676409538276200, guid: e61db00a23e90cc439f6d6aa5ab006c4,
        type: 3}
      propertyPath: m_AnchorMax.y
      value: 0
      objectReference: {fileID: 0}
    - target: {fileID: 3738676409538276200, guid: e61db00a23e90cc439f6d6aa5ab006c4,
        type: 3}
      propertyPath: m_AnchoredPosition.x
      value: 0
      objectReference: {fileID: 0}
    - target: {fileID: 3738676409538276200, guid: e61db00a23e90cc439f6d6aa5ab006c4,
        type: 3}
      propertyPath: m_AnchoredPosition.y
      value: 0
      objectReference: {fileID: 0}
    - target: {fileID: 3738676409538276200, guid: e61db00a23e90cc439f6d6aa5ab006c4,
        type: 3}
      propertyPath: m_SizeDelta.x
      value: 0
      objectReference: {fileID: 0}
    - target: {fileID: 3738676409538276200, guid: e61db00a23e90cc439f6d6aa5ab006c4,
        type: 3}
      propertyPath: m_SizeDelta.y
      value: 0
      objectReference: {fileID: 0}
    - target: {fileID: 1959021259609715052, guid: e61db00a23e90cc439f6d6aa5ab006c4,
        type: 3}
      propertyPath: m_IsActive
      value: 0
      objectReference: {fileID: 0}
    - target: {fileID: 7951523655421063522, guid: e61db00a23e90cc439f6d6aa5ab006c4,
        type: 3}
      propertyPath: m_SizeDelta.x
      value: 600
      objectReference: {fileID: 0}
    - target: {fileID: 7951523655421063522, guid: e61db00a23e90cc439f6d6aa5ab006c4,
        type: 3}
      propertyPath: m_SizeDelta.y
      value: 950
      objectReference: {fileID: 0}
    - target: {fileID: 7951523655421063522, guid: e61db00a23e90cc439f6d6aa5ab006c4,
        type: 3}
      propertyPath: m_AnchoredPosition.y
      value: -57
      objectReference: {fileID: 0}
    - target: {fileID: 3037817586756728736, guid: e61db00a23e90cc439f6d6aa5ab006c4,
        type: 3}
      propertyPath: m_AnchoredPosition.x
      value: 41
      objectReference: {fileID: 0}
    - target: {fileID: 3037817586756728736, guid: e61db00a23e90cc439f6d6aa5ab006c4,
        type: 3}
      propertyPath: m_AnchoredPosition.y
      value: 467
      objectReference: {fileID: 0}
    - target: {fileID: 5866377663535940259, guid: e61db00a23e90cc439f6d6aa5ab006c4,
        type: 3}
      propertyPath: m_AnchoredPosition.y
      value: -622
      objectReference: {fileID: 0}
    - target: {fileID: 5866377663535940259, guid: e61db00a23e90cc439f6d6aa5ab006c4,
        type: 3}
      propertyPath: m_LocalRotation.x
      value: 0
      objectReference: {fileID: 0}
    - target: {fileID: 5866377663535940259, guid: e61db00a23e90cc439f6d6aa5ab006c4,
        type: 3}
      propertyPath: m_LocalRotation.w
      value: 0.7071068
      objectReference: {fileID: 0}
    - target: {fileID: 5866377663535940259, guid: e61db00a23e90cc439f6d6aa5ab006c4,
        type: 3}
      propertyPath: m_LocalEulerAnglesHint.x
      value: 0
      objectReference: {fileID: 0}
    - target: {fileID: 5866377663535940259, guid: e61db00a23e90cc439f6d6aa5ab006c4,
        type: 3}
      propertyPath: m_LocalRotation.y
      value: 0
      objectReference: {fileID: 0}
    - target: {fileID: 5866377663535940259, guid: e61db00a23e90cc439f6d6aa5ab006c4,
        type: 3}
      propertyPath: m_LocalEulerAnglesHint.y
      value: 0
      objectReference: {fileID: 0}
    - target: {fileID: 5866377663535940259, guid: e61db00a23e90cc439f6d6aa5ab006c4,
        type: 3}
      propertyPath: m_LocalRotation.z
      value: 0.7071068
      objectReference: {fileID: 0}
    - target: {fileID: 5866377663535940259, guid: e61db00a23e90cc439f6d6aa5ab006c4,
        type: 3}
      propertyPath: m_LocalEulerAnglesHint.z
      value: 90
      objectReference: {fileID: 0}
    - target: {fileID: 5866377663535940259, guid: e61db00a23e90cc439f6d6aa5ab006c4,
        type: 3}
      propertyPath: m_SizeDelta.x
      value: 100
      objectReference: {fileID: 0}
    - target: {fileID: 5866377663535940259, guid: e61db00a23e90cc439f6d6aa5ab006c4,
        type: 3}
      propertyPath: m_SizeDelta.y
      value: 400
      objectReference: {fileID: 0}
    - target: {fileID: 5866377663535940259, guid: e61db00a23e90cc439f6d6aa5ab006c4,
        type: 3}
      propertyPath: m_AnchoredPosition.x
      value: 183
      objectReference: {fileID: 0}
    - target: {fileID: 2494009498311894579, guid: e61db00a23e90cc439f6d6aa5ab006c4,
        type: 3}
      propertyPath: m_Name
      value: GooglePlayButton
      objectReference: {fileID: 0}
    - target: {fileID: 1959021258763533599, guid: e61db00a23e90cc439f6d6aa5ab006c4,
        type: 3}
      propertyPath: m_AnchoredPosition.y
      value: 410
      objectReference: {fileID: 0}
    - target: {fileID: 1959021258763533599, guid: e61db00a23e90cc439f6d6aa5ab006c4,
        type: 3}
      propertyPath: m_AnchoredPosition.x
      value: 54
      objectReference: {fileID: 0}
    - target: {fileID: 1959021259767745576, guid: e61db00a23e90cc439f6d6aa5ab006c4,
        type: 3}
      propertyPath: m_AnchoredPosition.y
      value: 320.00006
      objectReference: {fileID: 0}
    - target: {fileID: 1959021259767745576, guid: e61db00a23e90cc439f6d6aa5ab006c4,
        type: 3}
      propertyPath: m_AnchoredPosition.x
      value: 54
      objectReference: {fileID: 0}
    - target: {fileID: 1959021259257525147, guid: e61db00a23e90cc439f6d6aa5ab006c4,
        type: 3}
      propertyPath: m_AnchoredPosition.y
      value: 230.00005
      objectReference: {fileID: 0}
    - target: {fileID: 1959021259257525147, guid: e61db00a23e90cc439f6d6aa5ab006c4,
        type: 3}
      propertyPath: m_AnchoredPosition.x
      value: 54
      objectReference: {fileID: 0}
    - target: {fileID: 1959021259142957150, guid: e61db00a23e90cc439f6d6aa5ab006c4,
        type: 3}
      propertyPath: m_AnchoredPosition.y
      value: 140.00005
      objectReference: {fileID: 0}
    - target: {fileID: 1959021259142957150, guid: e61db00a23e90cc439f6d6aa5ab006c4,
        type: 3}
      propertyPath: m_AnchoredPosition.x
      value: 54
      objectReference: {fileID: 0}
    - target: {fileID: 1959021260250197158, guid: e61db00a23e90cc439f6d6aa5ab006c4,
        type: 3}
      propertyPath: m_AnchoredPosition.y
      value: 50.000046
      objectReference: {fileID: 0}
    - target: {fileID: 1959021260250197158, guid: e61db00a23e90cc439f6d6aa5ab006c4,
        type: 3}
      propertyPath: m_AnchoredPosition.x
      value: 54
      objectReference: {fileID: 0}
    - target: {fileID: 1959021258854010475, guid: e61db00a23e90cc439f6d6aa5ab006c4,
        type: 3}
      propertyPath: m_AnchoredPosition.y
      value: -39.99995
      objectReference: {fileID: 0}
    - target: {fileID: 1959021258854010475, guid: e61db00a23e90cc439f6d6aa5ab006c4,
        type: 3}
      propertyPath: m_AnchoredPosition.x
      value: 54
      objectReference: {fileID: 0}
    - target: {fileID: 1959021260178578744, guid: e61db00a23e90cc439f6d6aa5ab006c4,
        type: 3}
      propertyPath: m_AnchoredPosition.y
      value: -129.99995
      objectReference: {fileID: 0}
    - target: {fileID: 1959021260178578744, guid: e61db00a23e90cc439f6d6aa5ab006c4,
        type: 3}
      propertyPath: m_AnchoredPosition.x
      value: 54
      objectReference: {fileID: 0}
    - target: {fileID: 1959021258465486372, guid: e61db00a23e90cc439f6d6aa5ab006c4,
        type: 3}
      propertyPath: m_AnchoredPosition.y
      value: -219.99995
      objectReference: {fileID: 0}
    - target: {fileID: 1959021258465486372, guid: e61db00a23e90cc439f6d6aa5ab006c4,
        type: 3}
      propertyPath: m_AnchoredPosition.x
      value: 54
      objectReference: {fileID: 0}
    - target: {fileID: 1959021258883289050, guid: e61db00a23e90cc439f6d6aa5ab006c4,
        type: 3}
      propertyPath: m_AnchoredPosition.y
      value: -309.99994
      objectReference: {fileID: 0}
    - target: {fileID: 1959021258883289050, guid: e61db00a23e90cc439f6d6aa5ab006c4,
        type: 3}
      propertyPath: m_AnchoredPosition.x
      value: 54
      objectReference: {fileID: 0}
    - target: {fileID: 1959021259693408366, guid: e61db00a23e90cc439f6d6aa5ab006c4,
        type: 3}
      propertyPath: m_AnchoredPosition.y
      value: -399.99994
      objectReference: {fileID: 0}
    - target: {fileID: 1959021259693408366, guid: e61db00a23e90cc439f6d6aa5ab006c4,
        type: 3}
      propertyPath: m_AnchoredPosition.x
      value: 54
      objectReference: {fileID: 0}
    - target: {fileID: 7953231352808057460, guid: e61db00a23e90cc439f6d6aa5ab006c4,
        type: 3}
      propertyPath: m_TargetGraphic
      value: 
      objectReference: {fileID: 1959021259692785975}
    - target: {fileID: 1959021258465486375, guid: e61db00a23e90cc439f6d6aa5ab006c4,
        type: 3}
      propertyPath: m_FontData.m_FontSize
      value: 58
      objectReference: {fileID: 0}
    - target: {fileID: 1959021258763533598, guid: e61db00a23e90cc439f6d6aa5ab006c4,
        type: 3}
      propertyPath: m_FontData.m_FontSize
      value: 58
      objectReference: {fileID: 0}
    - target: {fileID: 1959021258854010474, guid: e61db00a23e90cc439f6d6aa5ab006c4,
        type: 3}
      propertyPath: m_FontData.m_FontSize
      value: 58
      objectReference: {fileID: 0}
    - target: {fileID: 1959021259142957145, guid: e61db00a23e90cc439f6d6aa5ab006c4,
        type: 3}
      propertyPath: m_FontData.m_FontSize
      value: 58
      objectReference: {fileID: 0}
    - target: {fileID: 1959021259257525146, guid: e61db00a23e90cc439f6d6aa5ab006c4,
        type: 3}
      propertyPath: m_FontData.m_FontSize
      value: 58
      objectReference: {fileID: 0}
    - target: {fileID: 1959021259693408361, guid: e61db00a23e90cc439f6d6aa5ab006c4,
        type: 3}
      propertyPath: m_FontData.m_FontSize
      value: 58
      objectReference: {fileID: 0}
    - target: {fileID: 1959021259767745579, guid: e61db00a23e90cc439f6d6aa5ab006c4,
        type: 3}
      propertyPath: m_FontData.m_FontSize
      value: 58
      objectReference: {fileID: 0}
    - target: {fileID: 1959021260178578747, guid: e61db00a23e90cc439f6d6aa5ab006c4,
        type: 3}
      propertyPath: m_FontData.m_FontSize
      value: 58
      objectReference: {fileID: 0}
    - target: {fileID: 1959021260250197153, guid: e61db00a23e90cc439f6d6aa5ab006c4,
        type: 3}
      propertyPath: m_FontData.m_FontSize
      value: 58
      objectReference: {fileID: 0}
    - target: {fileID: 1959021259688774275, guid: e61db00a23e90cc439f6d6aa5ab006c4,
        type: 3}
      propertyPath: m_AnchoredPosition.y
      value: -21
      objectReference: {fileID: 0}
    - target: {fileID: 1959021260334816311, guid: e61db00a23e90cc439f6d6aa5ab006c4,
        type: 3}
      propertyPath: m_MatchWidthOrHeight
      value: 0.7
      objectReference: {fileID: 0}
    - target: {fileID: 1959021258335104413, guid: e61db00a23e90cc439f6d6aa5ab006c4,
        type: 3}
      propertyPath: m_IsActive
      value: 0
      objectReference: {fileID: 0}
    - target: {fileID: 1959021258897026540, guid: e61db00a23e90cc439f6d6aa5ab006c4,
        type: 3}
      propertyPath: m_AnchoredPosition.y
      value: 531
      objectReference: {fileID: 0}
    - target: {fileID: 1959021259828303084, guid: e61db00a23e90cc439f6d6aa5ab006c4,
        type: 3}
      propertyPath: m_AnchoredPosition.y
      value: 221.00002
      objectReference: {fileID: 0}
    - target: {fileID: 1959021258832717332, guid: e61db00a23e90cc439f6d6aa5ab006c4,
        type: 3}
      propertyPath: m_AnchoredPosition.y
      value: -88.999985
      objectReference: {fileID: 0}
    - target: {fileID: 1959021258391416766, guid: e61db00a23e90cc439f6d6aa5ab006c4,
        type: 3}
      propertyPath: m_AnchoredPosition.y
      value: -399
      objectReference: {fileID: 0}
    - target: {fileID: 1959021259051331368, guid: e61db00a23e90cc439f6d6aa5ab006c4,
        type: 3}
      propertyPath: m_IsActive
      value: 0
      objectReference: {fileID: 0}
    - target: {fileID: 1959021259774485921, guid: e61db00a23e90cc439f6d6aa5ab006c4,
        type: 3}
      propertyPath: m_AnchoredPosition.y
      value: 464
      objectReference: {fileID: 0}
    - target: {fileID: 1959021259892299491, guid: e61db00a23e90cc439f6d6aa5ab006c4,
        type: 3}
      propertyPath: m_AnchoredPosition.y
      value: -334
      objectReference: {fileID: 0}
    - target: {fileID: 1959021258764506033, guid: e61db00a23e90cc439f6d6aa5ab006c4,
        type: 3}
      propertyPath: m_SizeDelta.x
      value: 195
      objectReference: {fileID: 0}
    - target: {fileID: 1959021258764506033, guid: e61db00a23e90cc439f6d6aa5ab006c4,
        type: 3}
      propertyPath: m_SizeDelta.y
      value: 195
      objectReference: {fileID: 0}
    - target: {fileID: 1959021258764506033, guid: e61db00a23e90cc439f6d6aa5ab006c4,
        type: 3}
      propertyPath: m_AnchoredPosition.y
      value: -628
      objectReference: {fileID: 0}
    - target: {fileID: 1959021258764506033, guid: e61db00a23e90cc439f6d6aa5ab006c4,
        type: 3}
      propertyPath: m_AnchoredPosition.x
      value: -287
      objectReference: {fileID: 0}
    - target: {fileID: 1959021259526013262, guid: e61db00a23e90cc439f6d6aa5ab006c4,
        type: 3}
      propertyPath: m_AnchoredPosition.y
      value: -625
      objectReference: {fileID: 0}
    - target: {fileID: 1959021259526013262, guid: e61db00a23e90cc439f6d6aa5ab006c4,
        type: 3}
      propertyPath: m_AnchoredPosition.x
      value: -298
      objectReference: {fileID: 0}
    - target: {fileID: 1959021259526013262, guid: e61db00a23e90cc439f6d6aa5ab006c4,
        type: 3}
      propertyPath: m_SizeDelta.x
      value: 195
      objectReference: {fileID: 0}
    - target: {fileID: 1959021259526013262, guid: e61db00a23e90cc439f6d6aa5ab006c4,
        type: 3}
      propertyPath: m_SizeDelta.y
      value: 195
      objectReference: {fileID: 0}
    - target: {fileID: 7916641218886150352, guid: e61db00a23e90cc439f6d6aa5ab006c4,
        type: 3}
      propertyPath: m_SizeDelta.x
      value: 650
      objectReference: {fileID: 0}
    - target: {fileID: 7916641218886150352, guid: e61db00a23e90cc439f6d6aa5ab006c4,
        type: 3}
      propertyPath: m_SizeDelta.y
      value: 200
      objectReference: {fileID: 0}
    - target: {fileID: 7916641218886150352, guid: e61db00a23e90cc439f6d6aa5ab006c4,
        type: 3}
      propertyPath: m_AnchoredPosition.y
      value: 628
      objectReference: {fileID: 0}
    - target: {fileID: 1959021259688774272, guid: e61db00a23e90cc439f6d6aa5ab006c4,
        type: 3}
      propertyPath: m_IsActive
      value: 0
      objectReference: {fileID: 0}
    - target: {fileID: 1959021260029175040, guid: e61db00a23e90cc439f6d6aa5ab006c4,
        type: 3}
      propertyPath: m_AnchoredPosition.y
      value: -604
      objectReference: {fileID: 0}
    - target: {fileID: 1959021260029175040, guid: e61db00a23e90cc439f6d6aa5ab006c4,
        type: 3}
      propertyPath: m_SizeDelta.x
      value: 195
      objectReference: {fileID: 0}
    - target: {fileID: 1959021260029175040, guid: e61db00a23e90cc439f6d6aa5ab006c4,
        type: 3}
      propertyPath: m_SizeDelta.y
      value: 195
      objectReference: {fileID: 0}
    - target: {fileID: 1959021260328233316, guid: e61db00a23e90cc439f6d6aa5ab006c4,
        type: 3}
      propertyPath: m_IsActive
      value: 0
      objectReference: {fileID: 0}
    - target: {fileID: 1959021258793607227, guid: e61db00a23e90cc439f6d6aa5ab006c4,
        type: 3}
      propertyPath: m_AnchoredPosition.y
      value: 669
      objectReference: {fileID: 0}
    - target: {fileID: 1959021258338908778, guid: e61db00a23e90cc439f6d6aa5ab006c4,
        type: 3}
      propertyPath: m_AnchoredPosition.y
      value: 218.00002
      objectReference: {fileID: 0}
    - target: {fileID: 1959021259765679411, guid: e61db00a23e90cc439f6d6aa5ab006c4,
        type: 3}
      propertyPath: m_LocalPosition.y
      value: -67.99999
      objectReference: {fileID: 0}
    - target: {fileID: 1959021258470382544, guid: e61db00a23e90cc439f6d6aa5ab006c4,
        type: 3}
      propertyPath: m_AnchoredPosition.y
      value: -258
      objectReference: {fileID: 0}
    - target: {fileID: 1959021259242146718, guid: e61db00a23e90cc439f6d6aa5ab006c4,
        type: 3}
      propertyPath: m_LocalPosition.y
      value: -456
      objectReference: {fileID: 0}
    - target: {fileID: 1959021260218368813, guid: e61db00a23e90cc439f6d6aa5ab006c4,
        type: 3}
      propertyPath: m_AnchoredPosition.y
      value: -456
      objectReference: {fileID: 0}
    - target: {fileID: 1959021259137159130, guid: e61db00a23e90cc439f6d6aa5ab006c4,
        type: 3}
      propertyPath: m_AnchoredPosition.y
      value: -614
      objectReference: {fileID: 0}
    - target: {fileID: 1959021258940550427, guid: e61db00a23e90cc439f6d6aa5ab006c4,
        type: 3}
      propertyPath: m_AnchoredPosition.y
      value: -618
      objectReference: {fileID: 0}
    - target: {fileID: 1959021260250161329, guid: e61db00a23e90cc439f6d6aa5ab006c4,
        type: 3}
      propertyPath: m_AnchorMin.x
      value: 0
      objectReference: {fileID: 0}
    - target: {fileID: 1959021260250161329, guid: e61db00a23e90cc439f6d6aa5ab006c4,
        type: 3}
      propertyPath: m_AnchorMax.x
      value: 0
      objectReference: {fileID: 0}
    - target: {fileID: 1959021260250161329, guid: e61db00a23e90cc439f6d6aa5ab006c4,
        type: 3}
      propertyPath: m_AnchorMax.y
      value: 0
      objectReference: {fileID: 0}
    - target: {fileID: 1959021259025338506, guid: e61db00a23e90cc439f6d6aa5ab006c4,
        type: 3}
      propertyPath: m_IsActive
      value: 0
      objectReference: {fileID: 0}
    - target: {fileID: 1959021260233521297, guid: e61db00a23e90cc439f6d6aa5ab006c4,
        type: 3}
      propertyPath: m_Enabled
      value: 1
      objectReference: {fileID: 0}
    - target: {fileID: 1529789689566524418, guid: e61db00a23e90cc439f6d6aa5ab006c4,
        type: 3}
      propertyPath: m_OnClick.m_PersistentCalls.m_Calls.Array.size
      value: 1
      objectReference: {fileID: 0}
    - target: {fileID: 1529789689566524418, guid: e61db00a23e90cc439f6d6aa5ab006c4,
        type: 3}
      propertyPath: m_OnClick.m_PersistentCalls.m_Calls.Array.data[0].m_Mode
      value: 1
      objectReference: {fileID: 0}
    - target: {fileID: 1529789689566524418, guid: e61db00a23e90cc439f6d6aa5ab006c4,
        type: 3}
      propertyPath: m_OnClick.m_PersistentCalls.m_Calls.Array.data[0].m_CallState
      value: 1
      objectReference: {fileID: 0}
    - target: {fileID: 1529789689566524418, guid: e61db00a23e90cc439f6d6aa5ab006c4,
        type: 3}
      propertyPath: m_OnClick.m_PersistentCalls.m_Calls.Array.data[0].m_Target
      value: 
      objectReference: {fileID: 1959021259692785976}
    - target: {fileID: 1529789689566524418, guid: e61db00a23e90cc439f6d6aa5ab006c4,
        type: 3}
      propertyPath: m_OnClick.m_PersistentCalls.m_Calls.Array.data[0].m_MethodName
      value: TriggerPopup
      objectReference: {fileID: 0}
    - target: {fileID: 1529789689566524418, guid: e61db00a23e90cc439f6d6aa5ab006c4,
        type: 3}
      propertyPath: m_OnClick.m_PersistentCalls.m_Calls.Array.data[0].m_Arguments.m_ObjectArgumentAssemblyTypeName
      value: UnityEngine.Object, UnityEngine
      objectReference: {fileID: 0}
    - target: {fileID: 1529789690220129498, guid: e61db00a23e90cc439f6d6aa5ab006c4,
        type: 3}
      propertyPath: m_OnClick.m_PersistentCalls.m_Calls.Array.size
      value: 1
      objectReference: {fileID: 0}
    - target: {fileID: 1529789690220129498, guid: e61db00a23e90cc439f6d6aa5ab006c4,
        type: 3}
      propertyPath: m_OnClick.m_PersistentCalls.m_Calls.Array.data[0].m_Mode
      value: 1
      objectReference: {fileID: 0}
    - target: {fileID: 1529789690220129498, guid: e61db00a23e90cc439f6d6aa5ab006c4,
        type: 3}
      propertyPath: m_OnClick.m_PersistentCalls.m_Calls.Array.data[0].m_CallState
      value: 1
      objectReference: {fileID: 0}
    - target: {fileID: 1529789690220129498, guid: e61db00a23e90cc439f6d6aa5ab006c4,
        type: 3}
      propertyPath: m_OnClick.m_PersistentCalls.m_Calls.Array.data[0].m_Target
      value: 
      objectReference: {fileID: 1959021259692785977}
    - target: {fileID: 1529789690220129498, guid: e61db00a23e90cc439f6d6aa5ab006c4,
        type: 3}
      propertyPath: m_OnClick.m_PersistentCalls.m_Calls.Array.data[0].m_MethodName
      value: TriggerPopup
      objectReference: {fileID: 0}
    - target: {fileID: 1529789690220129498, guid: e61db00a23e90cc439f6d6aa5ab006c4,
        type: 3}
      propertyPath: m_OnClick.m_PersistentCalls.m_Calls.Array.data[0].m_Arguments.m_ObjectArgumentAssemblyTypeName
      value: UnityEngine.Object, UnityEngine
      objectReference: {fileID: 0}
    - target: {fileID: 1529789690712752603, guid: e61db00a23e90cc439f6d6aa5ab006c4,
        type: 3}
      propertyPath: m_OnClick.m_PersistentCalls.m_Calls.Array.size
      value: 1
      objectReference: {fileID: 0}
    - target: {fileID: 1529789690712752603, guid: e61db00a23e90cc439f6d6aa5ab006c4,
        type: 3}
      propertyPath: m_OnClick.m_PersistentCalls.m_Calls.Array.data[0].m_Mode
      value: 1
      objectReference: {fileID: 0}
    - target: {fileID: 1529789690712752603, guid: e61db00a23e90cc439f6d6aa5ab006c4,
        type: 3}
      propertyPath: m_OnClick.m_PersistentCalls.m_Calls.Array.data[0].m_CallState
      value: 1
      objectReference: {fileID: 0}
    - target: {fileID: 1529789690712752603, guid: e61db00a23e90cc439f6d6aa5ab006c4,
        type: 3}
      propertyPath: m_OnClick.m_PersistentCalls.m_Calls.Array.data[0].m_Target
      value: 
      objectReference: {fileID: 1959021259692785979}
    - target: {fileID: 1529789690712752603, guid: e61db00a23e90cc439f6d6aa5ab006c4,
        type: 3}
      propertyPath: m_OnClick.m_PersistentCalls.m_Calls.Array.data[0].m_MethodName
      value: TriggerPopup
      objectReference: {fileID: 0}
    - target: {fileID: 1529789690712752603, guid: e61db00a23e90cc439f6d6aa5ab006c4,
        type: 3}
      propertyPath: m_OnClick.m_PersistentCalls.m_Calls.Array.data[0].m_Arguments.m_ObjectArgumentAssemblyTypeName
      value: UnityEngine.Object, UnityEngine
      objectReference: {fileID: 0}
    - target: {fileID: 6860519610329608259, guid: e61db00a23e90cc439f6d6aa5ab006c4,
        type: 3}
      propertyPath: m_OnClick.m_PersistentCalls.m_Calls.Array.size
      value: 1
      objectReference: {fileID: 0}
    - target: {fileID: 6860519610329608259, guid: e61db00a23e90cc439f6d6aa5ab006c4,
        type: 3}
      propertyPath: m_OnClick.m_PersistentCalls.m_Calls.Array.data[0].m_Mode
      value: 1
      objectReference: {fileID: 0}
    - target: {fileID: 6860519610329608259, guid: e61db00a23e90cc439f6d6aa5ab006c4,
        type: 3}
      propertyPath: m_OnClick.m_PersistentCalls.m_Calls.Array.data[0].m_CallState
      value: 1
      objectReference: {fileID: 0}
    - target: {fileID: 6860519610329608259, guid: e61db00a23e90cc439f6d6aa5ab006c4,
        type: 3}
      propertyPath: m_OnClick.m_PersistentCalls.m_Calls.Array.data[0].m_Target
      value: 
      objectReference: {fileID: 1959021259692785978}
    - target: {fileID: 6860519610329608259, guid: e61db00a23e90cc439f6d6aa5ab006c4,
        type: 3}
      propertyPath: m_OnClick.m_PersistentCalls.m_Calls.Array.data[0].m_MethodName
      value: TriggerPopup
      objectReference: {fileID: 0}
    - target: {fileID: 6860519610329608259, guid: e61db00a23e90cc439f6d6aa5ab006c4,
        type: 3}
      propertyPath: m_OnClick.m_PersistentCalls.m_Calls.Array.data[0].m_Arguments.m_ObjectArgumentAssemblyTypeName
      value: UnityEngine.Object, UnityEngine
      objectReference: {fileID: 0}
    - target: {fileID: 7834415533097999854, guid: e61db00a23e90cc439f6d6aa5ab006c4,
        type: 3}
      propertyPath: m_OnClick.m_PersistentCalls.m_Calls.Array.size
      value: 1
      objectReference: {fileID: 0}
    - target: {fileID: 7834415533097999854, guid: e61db00a23e90cc439f6d6aa5ab006c4,
        type: 3}
      propertyPath: m_OnClick.m_PersistentCalls.m_Calls.Array.data[0].m_Mode
      value: 1
      objectReference: {fileID: 0}
    - target: {fileID: 7834415533097999854, guid: e61db00a23e90cc439f6d6aa5ab006c4,
        type: 3}
      propertyPath: m_OnClick.m_PersistentCalls.m_Calls.Array.data[0].m_CallState
      value: 1
      objectReference: {fileID: 0}
    - target: {fileID: 7834415533097999854, guid: e61db00a23e90cc439f6d6aa5ab006c4,
        type: 3}
      propertyPath: m_OnClick.m_PersistentCalls.m_Calls.Array.data[0].m_Target
      value: 
      objectReference: {fileID: 1959021259692785980}
    - target: {fileID: 7834415533097999854, guid: e61db00a23e90cc439f6d6aa5ab006c4,
        type: 3}
      propertyPath: m_OnClick.m_PersistentCalls.m_Calls.Array.data[0].m_MethodName
      value: TriggerPopup
      objectReference: {fileID: 0}
    - target: {fileID: 7834415533097999854, guid: e61db00a23e90cc439f6d6aa5ab006c4,
        type: 3}
      propertyPath: m_OnClick.m_PersistentCalls.m_Calls.Array.data[0].m_Arguments.m_ObjectArgumentAssemblyTypeName
      value: UnityEngine.Object, UnityEngine
      objectReference: {fileID: 0}
    m_RemovedComponents: []
  m_SourcePrefab: {fileID: 100100000, guid: e61db00a23e90cc439f6d6aa5ab006c4, type: 3}
--- !u!1 &1959021259692785974 stripped
GameObject:
  m_CorrespondingSourceObject: {fileID: 2494009498311894579, guid: e61db00a23e90cc439f6d6aa5ab006c4,
    type: 3}
  m_PrefabInstance: {fileID: 1959021259692785973}
  m_PrefabAsset: {fileID: 0}
--- !u!114 &1959021259692785975
MonoBehaviour:
  m_ObjectHideFlags: 0
  m_CorrespondingSourceObject: {fileID: 0}
  m_PrefabInstance: {fileID: 0}
  m_PrefabAsset: {fileID: 0}
  m_GameObject: {fileID: 1959021259692785974}
  m_Enabled: 1
  m_EditorHideFlags: 0
  m_Script: {fileID: -765806418, guid: f70555f144d8491a825f0804e09c671c, type: 3}
  m_Name: 
  m_EditorClassIdentifier: 
  m_Material: {fileID: 0}
  m_Color: {r: 1, g: 1, b: 1, a: 1}
  m_RaycastTarget: 1
  m_OnCullStateChanged:
    m_PersistentCalls:
      m_Calls: []
    m_TypeName: UnityEngine.UI.MaskableGraphic+CullStateChangedEvent, UnityEngine.UI,
      Version=1.0.0.0, Culture=neutral, PublicKeyToken=null
  m_Sprite: {fileID: -7380272250514336601, guid: 2c8d16067a2d9454a98274c9dfa2e83f,
    type: 3}
  m_Type: 0
  m_PreserveAspect: 0
  m_FillCenter: 1
  m_FillMethod: 4
  m_FillAmount: 1
  m_FillClockwise: 1
  m_FillOrigin: 0
  m_UseSpriteMesh: 0
--- !u!114 &1959021259692785976 stripped
MonoBehaviour:
  m_CorrespondingSourceObject: {fileID: 1573097345870642912, guid: e61db00a23e90cc439f6d6aa5ab006c4,
    type: 3}
  m_PrefabInstance: {fileID: 1959021259692785973}
  m_PrefabAsset: {fileID: 0}
  m_GameObject: {fileID: 0}
  m_Enabled: 1
  m_EditorHideFlags: 0
  m_Script: {fileID: 11500000, guid: 0b53650b7af7ba3449d6422da2c27304, type: 3}
  m_Name: 
  m_EditorClassIdentifier: 
--- !u!114 &1959021259692785977 stripped
MonoBehaviour:
  m_CorrespondingSourceObject: {fileID: 8726096675287410171, guid: e61db00a23e90cc439f6d6aa5ab006c4,
    type: 3}
  m_PrefabInstance: {fileID: 1959021259692785973}
  m_PrefabAsset: {fileID: 0}
  m_GameObject: {fileID: 0}
  m_Enabled: 1
  m_EditorHideFlags: 0
  m_Script: {fileID: 11500000, guid: 0b53650b7af7ba3449d6422da2c27304, type: 3}
  m_Name: 
  m_EditorClassIdentifier: 
--- !u!114 &1959021259692785978 stripped
MonoBehaviour:
  m_CorrespondingSourceObject: {fileID: 294843274556216306, guid: e61db00a23e90cc439f6d6aa5ab006c4,
    type: 3}
  m_PrefabInstance: {fileID: 1959021259692785973}
  m_PrefabAsset: {fileID: 0}
  m_GameObject: {fileID: 0}
  m_Enabled: 1
  m_EditorHideFlags: 0
  m_Script: {fileID: 11500000, guid: 0b53650b7af7ba3449d6422da2c27304, type: 3}
  m_Name: 
  m_EditorClassIdentifier: 
--- !u!114 &1959021259692785979 stripped
MonoBehaviour:
  m_CorrespondingSourceObject: {fileID: 8314696734605325718, guid: e61db00a23e90cc439f6d6aa5ab006c4,
    type: 3}
  m_PrefabInstance: {fileID: 1959021259692785973}
  m_PrefabAsset: {fileID: 0}
  m_GameObject: {fileID: 0}
  m_Enabled: 1
  m_EditorHideFlags: 0
  m_Script: {fileID: 11500000, guid: 0b53650b7af7ba3449d6422da2c27304, type: 3}
  m_Name: 
  m_EditorClassIdentifier: 
--- !u!114 &1959021259692785980 stripped
MonoBehaviour:
  m_CorrespondingSourceObject: {fileID: 1945152466262946248, guid: e61db00a23e90cc439f6d6aa5ab006c4,
    type: 3}
  m_PrefabInstance: {fileID: 1959021259692785973}
  m_PrefabAsset: {fileID: 0}
  m_GameObject: {fileID: 0}
  m_Enabled: 1
  m_EditorHideFlags: 0
  m_Script: {fileID: 11500000, guid: 0b53650b7af7ba3449d6422da2c27304, type: 3}
  m_Name: 
  m_EditorClassIdentifier: 
--- !u!1001 &8954937112818838938
PrefabInstance:
  m_ObjectHideFlags: 0
  serializedVersion: 2
  m_Modification:
    m_TransformParent: {fileID: 0}
    m_Modifications:
    - target: {fileID: 8954937112997299601, guid: fe86e9c8b89778f4c870f1ec982a53bf,
        type: 3}
      propertyPath: m_Name
      value: UnlockManager
      objectReference: {fileID: 0}
    - target: {fileID: 8954937112997299606, guid: fe86e9c8b89778f4c870f1ec982a53bf,
        type: 3}
      propertyPath: storeContent
      value: 
      objectReference: {fileID: 0}
    - target: {fileID: 8954937112997299606, guid: fe86e9c8b89778f4c870f1ec982a53bf,
        type: 3}
      propertyPath: inventoryContent
      value: 
      objectReference: {fileID: 0}
    - target: {fileID: 8954937112997299606, guid: fe86e9c8b89778f4c870f1ec982a53bf,
        type: 3}
      propertyPath: invViewport
      value: 
      objectReference: {fileID: 1134699311}
    - target: {fileID: 8954937112997299606, guid: fe86e9c8b89778f4c870f1ec982a53bf,
        type: 3}
      propertyPath: welcomeScreen
      value: 
      objectReference: {fileID: 1896728135}
    - target: {fileID: 8954937112997299606, guid: fe86e9c8b89778f4c870f1ec982a53bf,
        type: 3}
      propertyPath: storeScreen
      value: 
      objectReference: {fileID: 495921624}
    - target: {fileID: 8954937112997299607, guid: fe86e9c8b89778f4c870f1ec982a53bf,
        type: 3}
      propertyPath: m_LocalPosition.x
      value: -2.6110108
      objectReference: {fileID: 0}
    - target: {fileID: 8954937112997299607, guid: fe86e9c8b89778f4c870f1ec982a53bf,
        type: 3}
      propertyPath: m_LocalPosition.y
      value: 5.217563
      objectReference: {fileID: 0}
    - target: {fileID: 8954937112997299607, guid: fe86e9c8b89778f4c870f1ec982a53bf,
        type: 3}
      propertyPath: m_LocalPosition.z
      value: -138.66731
      objectReference: {fileID: 0}
    - target: {fileID: 8954937112997299607, guid: fe86e9c8b89778f4c870f1ec982a53bf,
        type: 3}
      propertyPath: m_LocalRotation.x
      value: 0
      objectReference: {fileID: 0}
    - target: {fileID: 8954937112997299607, guid: fe86e9c8b89778f4c870f1ec982a53bf,
        type: 3}
      propertyPath: m_LocalRotation.y
      value: 0
      objectReference: {fileID: 0}
    - target: {fileID: 8954937112997299607, guid: fe86e9c8b89778f4c870f1ec982a53bf,
        type: 3}
      propertyPath: m_LocalRotation.z
      value: 0
      objectReference: {fileID: 0}
    - target: {fileID: 8954937112997299607, guid: fe86e9c8b89778f4c870f1ec982a53bf,
        type: 3}
      propertyPath: m_LocalRotation.w
      value: 1
      objectReference: {fileID: 0}
    - target: {fileID: 8954937112997299607, guid: fe86e9c8b89778f4c870f1ec982a53bf,
        type: 3}
      propertyPath: m_RootOrder
      value: 3
      objectReference: {fileID: 0}
    - target: {fileID: 8954937112997299607, guid: fe86e9c8b89778f4c870f1ec982a53bf,
        type: 3}
      propertyPath: m_LocalEulerAnglesHint.x
      value: 0
      objectReference: {fileID: 0}
    - target: {fileID: 8954937112997299607, guid: fe86e9c8b89778f4c870f1ec982a53bf,
        type: 3}
      propertyPath: m_LocalEulerAnglesHint.y
      value: 0
      objectReference: {fileID: 0}
    - target: {fileID: 8954937112997299607, guid: fe86e9c8b89778f4c870f1ec982a53bf,
        type: 3}
      propertyPath: m_LocalEulerAnglesHint.z
      value: 0
      objectReference: {fileID: 0}
    m_RemovedComponents:
    - {fileID: 510009552813000864, guid: fe86e9c8b89778f4c870f1ec982a53bf, type: 3}
    - {fileID: 3422212383173763805, guid: fe86e9c8b89778f4c870f1ec982a53bf, type: 3}
  m_SourcePrefab: {fileID: 100100000, guid: fe86e9c8b89778f4c870f1ec982a53bf, type: 3}
